2748 4714
37 405 126 476 ιιλρεῖν
148 406 203 476 τὴν
229 407 286 462 διὰ
310 412 376 460 τῶν
801 423 876 479 ματα
906 409 938 464 dl
970 413 1024 464 τοῖν
1058 414 1175 480 νυμφῶν

37 492 322 567 ψήφωνριαντιιιήν.
346 486 377 562 ἧς
802 500 857 548 τοῖν
874 494 1009 568 εὑροοσαῖν
1031 495 1097 549 τάδε
1116 497 1175 567 [ex-

36 581 253 654 ιιῖδοιιιριοὺσης
270 586 376 653 μᾶλλον
802 585 928 638 ciderunt
938 586 1176 656 nominalflolnra

34 673 75 720 ιιῖν
89 673 222 741 Δελφικῶν
243 675 377 741 χρησμῶν
540 683 543 688 ·
804 674 851 736 τῆς
878 676 961 738 συνῆς
985 669 1087 741 φύλλα,
1115 674 1176 726 ἐπεὶ

34 753 70 806 τὸν
83 759 131 808 Alo
144 756 324 830 χαριζόμιναν
340 761 378 826 τῷ
804 761 842 816 alc
858 763 921 829 τρία
939 757 1101 827 διέσχισται.

30 839 151 898 Ἀπόλλωνι
168 845 281 914 ψευδῆ
297 863 376 898 κατα-

33 933 112 994 στῆσαι
127 930 173 998 τὴν
191 929 238 986 διὰ
255 936 310 984 τῶν
322 929 379 1000 ψή-

33 1018 217 1086 φωνριαντιιιὴν.
236 1016 319 1071 πάλιν
329 1013 378 1071 οὖν

31 1107 73 1154 των
87 1103 236 1176 ἀνθρώπων
249 1107 296 1160 ἐπὶ
314 1103 377 1163 τοὺς

31 1191 160 1260 Διλφιιιοὺς
221 1195 376 1264 ἐρχομένων

28 1277 148 1348 χρησμοῖς
182 1277 232 1347 τὴν
263 1283 377 1333 Πυθίαν

29 1366 106 1419 risela.
131 1370 229 1420 πολλοὶ
249 1398 287 1408 -·

97 1471 184 1537 Brevi
206 1472 412 1555 perspicimus
444 1491 482 1535 ex
504 1471 632 1535 Zenobii
656 1469 770 1547 verbis,
800 1471 875 1553 quid
898 1478 970 1553 post
991 1463 1177 1551 ἀχθόμενος

27 1568 87 1648 τοὺς
105 1579 159 1638 τοῦ
177 1567 388 1651 ’Λπόλλωνος
408 1573 493 1656 apud
515 1570 797 1653 ethnicographum
826 1572 978 1636 excidisse
1000 1573 1176 1656 putandum

26 1672 70 1748 sit,
99 1677 182 1756 quod
213 1675 346 1741 fortasse
381 1675 454 1740 fuit:
488 1667 648 1758 χρησμοὺς
676 1666 918 1755 ὀλιγωρεῖσθαι.
953 1673 1006 1754 [cf.
1030 1674 1176 1738 Meinelrii

26 1779 259 1860 annotationem]
281 1777 394 1841 deinde
416 1777 512 1840 etiam
527 1774 743 1856 cognoscimus
759 1775 956 1839 enuntiatum
972 1776 1067 1841 verbo
1084 1770 1176 1841 addo-

24 1880 163 1954 ιιμοῦααν
193 1885 266 1960 apta
294 1899 358 1943 non
389 1877 535 1942 concludi
562 1875 617 1940 sed
648 1874 858 1957 supplendum
885 1895 953 1940 essa
973 1875 1098 1956 μᾶλλον
1119 1883 1177 1964 τῆς

23 1979 69 2037 τοῦ
94 1972 305 2055 Ἀπόλλωνος
336 1979 385 2045 vel
418 1979 482 2043 tale
501 1977 600 2060 'quid
652 1975 730 2040 Tum
762 1983 867 2041 autem
908 1980 996 2059 sequi
1030 1978 1175 2055 debebat,

23 2081 156 2146 nunciam
180 2082 222 2146 ad
246 2081 399 2164 Apollinis
429 2080 554 2146 oracula
587 2080 641 2143 diu
670 2077 812 2159 neglecta
842 2079 945 2143 denuo
975 2079 1116 2144 homines
1143 2103 1176 2145 se

21 2179 193 2260 applicasse.
244 2182 368 2265 Neque,
397 2182 430 2245 id
460 2180 543 2263 quod
573 2179 742 2265 etymologi
771 2186 880 2262 aperte
914 2180 1042 2257 dicunt,
1076 2185 1175 2246 taceri

19 2288 137 2362 poterat,
155 2280 256 2369 θριάς
269 2285 341 2348 illas
356 2285 389 2347 in
404 2282 547 2347 Thriasia
562 2279 693 2366 planitie
709 2279 880 2345 aMinerva
896 2301 964 2346 esse
978 2281 1175 2362 abiectas51).

19 2377 150 2450 Ceterum
175 2387 319 2451 conferas
342 2385 490 2450 Lobeclrii
513 2383 583 2466 Agl.
606 2381 645 2459 ΙΙ,
669 2383 741 2448 814.

90 2505 188 2570 Aliud
221 2502 334 2569 deinde
366 2504 518 2568 adferam.
574 2503 673 2580 Quem
705 2501 808 2584 primo
840 2499 1073 2566 intellecturum
1109 2524 1176 2568 esse

19 2603 117 2670 obtutu
141 2613 248 2691 putas,
271 2606 347 2687 quid
369 2604 429 2669 sibi
451 2605 548 2669 velint
570 2602 724 2685 Stephani
745 2599 843 2665 verba
865 2620 890 2666 s.
912 2623 957 2666 να

88 2701 331 2788 Ἰδουμαῖοι,
356 2701 455 2782 ἔθνος
473 2698 650 2787 Ἑβραίων,
673 2698 744 2767 ἀπὸ
760 2694 897 2783 ,domno
919 2741 959 2750 -
981 2697 1104 2784 ι’ίόωρια
1118 2702 1177 2789 γὰρ

17 2799 42 2867 οῖ
60 2803 204 2892 Ἑβραῖοι
225 2805 263 2872 τὸ
287 2802 425 2890 ἐρυθρὸν
446 2807 656 2871 καλοῦσιν-
671 2799 738 2871 ὅτι
759 2800 910 2883 ξανθὸν
930 2808 1065 2886 βρῶμα
1087 2805 1177 2883 doale

16 2902 113 2996 αὐτῷ
144 2907 164 2975 ὁ
193 2901 364 2994 ἀδελφὸς
390 2903 437 2971 τὰ
468 2911 646 2990 πρωτεῖα
675 2900 849 2992 eil-ripen*
890 2905 951 2976 nisi
972 2907 1026 2987 qui
1047 2907 1178 2992 Josephi

14 3007 118 3094 [antiq.
144 3012 215 3077 Iud.
237 3013 267 3084 2,
294 3013 325 3094 l]
347 3010 386 3073 de
408 3007 512 3088 Esani
525 3001 658 3074 nomine
679 3002 894 3071 narrationem
924 3007 1064 3092 legisset,
1096 3031 1177 3092 qnae

14 3109 83 3176 baec
110 3122 178 3180 est:
200 3108 356 3187 ’Ήοαυος
377 3148 419 3158 --
440 3116 498 3197 τῆς
517 3106 697 3193 Ἰδουμαίας
722 3097 817 3193 ἦρχεν
846 3102 932 3174 οὕτω
959 3109 1100 3186 καλέσας
1120 3107 1181 3196 τὴν

14 3209 109 3298 χώραν
130 3210 191 3302 ἀφ’
206 3210 330 3278 ἑαυτοῦ.
369 3250 384 3264 -
399 3249 415 3262 -
430 3249 446 3262 -
468 3208 564 3278 ἔνθεν
586 3207 642 3276 διὰ
663 3207 721 3295 τὴν
735 3204 921 3294 ξανθότητα
934 3213 991 3274 τοῦ
1003 3206 1178 3294 βρώματος

14 3307 70 3378 ὑπὸ
91 3319 160 3380 τῶν
181 3311 362 3401 ἡλικιωτῶν
383 3311 466 3378 κατὰ
488 3310 626 3378 παιδιὰν
640 3302 789 3392 Ἔδωμος
811 3305 944 3395 ἐκλήθη.
987 3305 1098 3392 ἔδωμα
1119 3309 1177 3396 γὰρ

14 3409 36 3477 ol
71 3412 221 3501 Ἑβραῖοι
257 3411 294 3480 τὸ
332 3413 470 3499 ἐρυθρὸν
505 3413 672 3478 καλοῦσιν.
731 3411 759 3474 Ε
788 3409 950 3493 Stephano
986 3435 1062 3478 sane
1101 3414 1176 3478 olim

14 3517 148 3596 planiore
171 3520 277 3584 hausit
298 3519 332 3582 F.
356 3517 398 3582 Μ.
422 3540 452 3601 p.
474 3517 546 3582 465.
591 3515 719 3579 Cramer
740 3512 777 3578 Α.
801 3511 835 3576 Ο.
857 3511 896 3591 Π,
919 3533 950 3595 p.
973 3514 1045 3579 378.

14 3665 236 3680 ᾕ-

74 3745 111 3812 ⁶¹)
131 3745 208 3812 Quae
226 3745 300 3814 apud
312 3743 482 3813 Stephanum
495 3746 591 3796 extant
602 3740 749 3810 proverbia
762 3757 794 3794 ea
807 3739 924 3808 Philoni,
942 3742 989 3807 qui
1001 3745 1033 3793 nt
1043 3742 1180 3795 Zenobio·

14 3833 129 3901 amanlis
152 3833 260 3886 Lucilio
277 3831 417 3885 Tarrhueo
439 3847 503 3884 usus
526 3831 571 3894 ait,
590 3829 685 3882 deberi
707 3828 841 3882 indicavit
864 3827 969 3881 Niese
993 3828 1021 3895 (l.
1044 3828 1062 3880 l.
1084 3845 1110 3896 p
1133 3831 1178 3896 2⁸)

14 3919 136 3986 pluribus
150 3921 338 3974 demonstrare
351 3915 691 3971 studuitWarnlrross:
708 3916 743 3969 de
760 3915 942 3983 paroemiogr.
960 3915 1068 3983 graecis
1087 3917 1179 3983 capita

14 4005 57 4060 luo
81 4025 111 4076 p.
132 4006 247 4060 30-39.
293 4005 335 4060 Ex
365 4005 424 4073 ipso
447 4003 568 4058 Zenobio
589 4002 720 4072 Stephani
749 4001 843 4068 copias
868 3999 980 4053 haustas
1002 4017 1065 4054 ease
1083 4003 1181 4056 maluit

14 4093 35 4146 l.
54 4093 222 4148 Orosius:
241 4093 322 4146 anall.
342 4091 441 4146 critice
459 4091 495 4144 ad
512 4105 633 4174 paroem.
651 4105 695 4158 gr.
715 4105 743 4155 p.·
760 4089 795 4141 99
813 4103 877 4141 ann.
896 4090 923 4140 2.
952 4086 1064 4156 Locum·
1079 4089 1181 4158 dequo
1206 4112 1209 4118 ¹

14 4177 68 4249 lixi,
90 4181 190 4250 tetigit
206 4178 371 4233 Warnlrross
390 4195 416 4247 p.
436 4177 480 4233 3⁷.

933 4277 950 4328 3
