2748 4714
584 219 626 293 39

44 433 103 494 garo
129 412 253 478 omnino
283 411 343 481 luit
370 414 404 478 in
426 414 500 482 Asis
528 436 657 492 munus,
685 435 749 497 quo
778 415 953 498 permultos
974 415 1100 482 lunatos
1122 437 1190 484 esse

44 513 178 579 numerosi
198 512 388 580 confirmant
407 511 590 600 lapidss⁶⁹).

110 614 325 682 Gratissimum
355 624 461 683 autem
489 617 579 684 nobis
600 626 785 689 euenturum
806 625 903 698 esset,
930 621 956 685 si
978 619 1072 686 certis
1095 641 1190 704 argu·

45 716 136 782 nentis
156 717 316 800 Apollonii
336 719 516 806 fragmenta
536 717 663 786 fluxisse
684 742 723 786 ex
743 720 915 786 Alexandri
942 711 1097 804 excerptis
1118 741 1189 805 pos-

44 839 126 884 mnus
147 818 372 888 demonstrare.
415 821 460 888 At
480 820 564 902 quod
585 821 749 905 probabile
770 822 871 887 estid
894 821 1103 905 persuadendi
1121 822 1187 888 uim

43 940 91 982 uon
109 919 224 985 habero
245 918 336 986 valde
357 920 458 988 doleo.
494 921 675 987 Termiunm
696 923 792 1006 igitur
806 929 879 1006 pont
893 943 986 1006 quem
1002 922 1189 1005 Apollonius

43 1021 94 1096 luit
114 1043 172 1087 vox
195 1024 416 1114 Aneyru‚(uf.
438 1023 522 1093 infra
543 1023 582 1088 fu.
605 1023 678 1106 32),
707 1031 782 1090 ante
805 1044 908 1108 quem,
930 1023 1073 1089 Philonis
1096 1024 1186 1089 testi·

42 1123 275 1198 nomumnobis
296 1124 488 1209 suppeditat.
533 1123 648 1190 Suidse
669 1124 782 1192 deinde
802 1125 1024 1210 testimoninm,
1047 1125 1132 1207 qnod
1146 1123 1188 1190 ad

41 1223 153 1290 eundem
180 1225 344 1294 Philonem
382 1227 466 1294 redit
494 1226 540 1294 ita
572 1225 825 1308 coniungendum
856 1248 924 1293 esse
956 1225 1033 1292 mihi
1064 1227 1188 1292 uidetur

41 1345 95 1389 num
114 1326 260 1404 Philone,
282 1333 318 1392 nt
338 1327 542 1411 Apollonium
565 1327 709 1410 Letopoli
730 1328 899 1394 emendum
920 1326 1186 1411 Aphrodisiadem

40 1427 139 1494 uenisse
160 1433 346 1494 statuamus
388 1429 534 1494 Ceterum
555 1427 595 1493 of.
617 1428 702 1494 infru
723 1451 755 1512 p.
775 1428 827 1492 54.
850 1431 903 1494 55.

105 1529 191 1607 Quae
219 1529 332 1595 deinde
359 1529 482 1597 addidit
511 1529 625 1596 Suidas
650 1529 690 1596 de
719 1529 877 1614 Apollonii
906 1526 984 1614 περὶ
1009 1524 1186 1614 Τράλλεων,

41 1624 98 1712 oroi
105 1623 247 1714 Ὀρφέως
267 1627 323 1696 καὶ
345 1634 410 1696 τῶν
429 1629 568 1696 τελετῶν
590 1624 692 1696 αὐτοῦ
714 1631 803 1698 libris
824 1633 921 1696 misso
941 1630 1034 1710 lunio,
1049 1637 1083 1696 et
1101 1629 1186 1713 quod

38 1727 132 1797 liudo
160 1731 286 1814 seriptis
315 1734 393 1798 oerti
419 1732 501 1800 nihil
529 1738 635 1816 potest
664 1733 759 1798 statui
788 1737 820 1797 et
846 1732 969 1798 etiamsi
989 1731 1059 1798 fieri
1080 1736 1188 1814 posset

38 1829 67 1892 nd
97 1839 238 1898 nostram
275 1835 490 1917 quaestionem
526 1834 600 1900 inde
636 1835 689 1901 vix
723 1833 896 1917 quidquam
937 1832 1185 1899 redundaturum

5 1993 6 1996 ,
37 1939 162 2020 smera).
206 1935 273 2000 Iam
303 1957 374 2001 oum
401 1940 506 2001 uetera
533 1940 646 2000 notatu
675 1935 771 2018 digna
800 1955 839 2001 ex
867 1933 1091 2018 disputationis
1111 1953 1187 2016 par-

5 2053 6 2130 }
37 2034 103 2102 tibus
127 2037 258 2120 reliquis
280 2043 413 2101 evasura
442 2037 506 2101 sint
532 2037 574 2102 ad
603 2035 780 2122 fragmenta
804 2037 875 2121 ipsu
896 2057 917 2101 a
937 2034 1098 2120 Stephano
1121 2053 1186 2098 sor·

5 2145 7 2232 3
36 2143 94 2201 ruta
112 2155 171 2204 nos
191 2143 421 2215 convertamus,
442 2136 527 2204 nnde
546 2137 586 2203 ds
606 2139 769 2222 seripturis
790 2142 894 2203 setote
913 2144 945 2202 et
959 2135 1085 2220 ingenio
1099 2134 1184 2200 hand

34 2257 121 2318 panea
141 2239 308 2306 addiscere
328 2261 387 2306 nos
408 2259 501 2324 posse
522 2240 642 2323 opinor.

401 2462 607 2545 Apollonii
629 2455 799 2548 Καρικά.

4 2637 5 2676 q
71 2595 75 2606 '
102 2594 291 2675 Fragmenta
312 2590 476 2674 seripturis
498 2593 596 2675 ipsius
617 2592 744 2657 nomine
765 2589 908 2672 insignia,
932 2610 1016 2673 quae
1036 2589 1183 2672 leguntur

4 2775 5 2778 Ἴ
33 2693 101 2772 opud
123 2692 291 2757 ldiillernm
313 2692 381 2776 [IV‚
404 2715 435 2776 p.
454 2693 518 2756 310
532 2696 625 2775 sqq.]‚
648 2693 675 2758 si
695 2699 875 2776 spectamus
896 2697 993 2772 atque
1012 2689 1086 2755 inde
1106 2689 1182 2772 qnid

34 2789 167 2859 librorum
200 2794 240 2858 de
270 2792 380 2859 ordine
407 2815 445 2859 ao
474 2794 680 2878 dispositione
705 2792 851 2876 colligere
880 2791 975 2856 lineat
1003 2791 1184 2874 quaerimus

33 2893 186 2982 dolendum¹
210 2898 258 2961 est
280 2893 366 2977 qood
386 2894 467 2960 nihil
488 2894 554 2960 iere
581 2895 756 2972 lucramur,
784 2894 921 2978 primum
943 2891 1026 2957 enim
1047 2892 1184 2957 nonnul·

33 2992 119 3061 lorum
150 2996 339 3080 oppidorum
361 2995 483 3074 desito
515 2995 603 3061 velut
623 2993 705 3080 cyr,
740 2992 965 3078 Hyllnalae,
996 2992 1183 3060 Narcussi

32 3116 83 3162 non
101 3105 235 3178 oonstat,
264 3097 376 3162 deinde
398 3097 494 3162 etiam
515 3097 709 3180 singulorum
730 3095 882 3161 librorum
904 3094 1090 3176 fragmentis
1111 3116 1183 3179 per-

33 3195 159 3265 lustratis
178 3199 232 3264 uix
253 3217 420 3282 possumus
442 3198 609 3286 enucleari,
642 3219 736 3282 quem
756 3196 878 3263 itineris
900 3195 1036 3261 tenuerit
1056 3216 1181 3260 numum

32 3301 160 3384 scriptor.
203 3300 316 3384 ltaque
344 3307 380 3366 ut
407 3301 446 3366 de
473 3299 588 3377 tribur,
620 3301 676 3384 qui
704 3302 737 3364 in
766 3297 922 3382 principie
952 3303 1062 3373 erant,
1094 3298 1183 3364 libris

30 3405 147 3479 tenuem,
170 3401 203 3466 in
223 3401 306 3468 libro
328 3407 442 3486 quarto
463 3401 603 3466 videmus
624 3399 798 3484 Bargasam
819 3400 861 3466 ad
882 3418 969 3464 oram
991 3399 1183 3466 maritimam

31 3499 111 3567 sitnm
141 3505 396 3583 commemorari,
428 3502 541 3568 deinde
573 3503 669 3567 etiam
698 3497 883 3585 Hydissum,
915 3498 1002 3584 qnod
1031 3501 1182 3586 oppidum

31 3601 120 3670 Plinio
141 3610 220 3671 teste
252 3606 297 3688 [n.
319 3604 350 3669 h.
375 3604 412 3682 V,
438 3606 512 3687 109]
543 3625 615 3668 oum
646 3601 853 3686 Trapezopoli
888 3607 921 3666 et
952 3600 1184 3684 Aphrodisiade

87 3829 248 3899 ‘'lldnnsre
276 3845 324 3883 uuo
346 3827 523 3900 Apollonium
550 3826 669 3897 quodam
689 3827 771 3882 modo
793 3825 878 3881 fuisso
896 3823 1034 3896 insignem
1052 3824 1184 3896 Stephani

30 3917 104 3971 uerba
114 3913 129 3970 ὁ
139 3911 278 3988 ἀρχιερεὺς
289 3909 434 3986 λεγόμενος
445 3915 645 3978 demonstrant,
664 3911 763 3983 qurhur
775 3913 804 3966 io
823 3912 978 3967 snoordotio
995 3911 1044 3966 illo
1062 3911 1184 3970 Aristion

30 4001 165 4062 indicando
182 3999 414 4072 elhnioogruphus
432 4000 479 4055 vix
496 3997 569 4056 foret
585 4017 659 4055 usus.

89 4091 121 4158 “l
136 4091 176 4146 (ll.
189 4089 313 4146 loheel:
331 4088 394 4159 Agl.
407 4106 434 4158 p.
448 4089 507 4158 196,
525 4086 574 4158 qni
586 4086 807 4157 Letopolilnnum
819 4087 849 4140 et
860 4083 1103 4155 Aphrodisienssm
1114 4086 1184 4140 duos

30 4189 82 4230 esso
98 4180 227 4233 summat.
1043 4211 1049 4224 .
