2748 4714
770 219 812 302 42

209 427 319 492 φασιν,
334 400 511 490 ’Ἀχιλλέως
533 402 656 488 κτίσμα
677 402 832 490 λίγοντις.
850 453 861 488 ·.
875 401 946 472 ἔστι
975 402 1012 471 δὲ
1034 398 1176 491 πλησίον
1195 398 1305 468 Ἰιίσου
1329 426 1350 466 κ

209 504 355 574 Μύνδου.
400 502 579 594 ὠνομάσθη
606 506 642 574 dd
671 502 741 574 ὀίπὸ
769 505 951 593 Βαργιίλοο,
981 497 1018 586 ὃς
1043 503 1179 592 πληγείς
1209 499 1279 569 sind
1305 507 1350 568 IB

208 607 361 694 ydoovu)
390 610 542 698 τελευτᾷ,
577 605 839 697 Βελλεροφόντης
867 603 895 676 d’
918 604 1072 688 ἀνιαθεὶς
1097 604 1157 674 ἐπὶ
1181 609 1231 693 τῷ
1259 602 1350 688 ὲταίρ

209 707 310 780 πόλιν
338 707 446 778 ἔκτισε
473 705 644 794 Βαργίλια.
688 709 744 778 καὶ
770 708 790 798 ἦ
818 709 976 777 θάλασσα
1003 705 1224 795 Βαργολιακὸς
1251 705 1350 772 κόλπι

208 811 244 895 ἐξ
263 805 375 878 αὐτοῦ.
417 808 449 896 [d
473 810 611 899 πολίτης
632 812 877 900 Βαργολιοίτης]

295 917 382 994 Quae
409 917 437 981 si
467 917 538 998 quis
566 937 637 980 oum
664 917 776 981 ceteris
804 915 844 981 do
870 914 1114 998 Bellerophonte
1136 903 1218 995 quae
1239 912 1350 978 oircun

209 1017 353 1082 seruntur
368 1016 484 1082 fabulis
499 1019 738 1100 comparaverit,
761 1018 851 1082 nulla
866 1016 1070 1082 similitudine
1085 1015 1234 1096 coniungi
1249 1014 1350 1078 videbi

672 1189 914 1276 numm

295 1302 394 1387 Κίον,
427 1305 526 1386 πόλις
553 1303 687 1391 Καρίας.
729 1302 955 1385 Ἀπολλώνιος
986 1302 1122 1393 τετάρτῃ
1150 1305 1318 1386 Καρικῶν.

210 1407 369 1492 πρότερον
392 1402 568 1496 Κανήβιον.
611 1409 650 1475 τὸ
672 1407 805 1475 amunta
826 1408 960 1495 Κυΐτης.

294 1509 384 1574 Nihil
410 1510 510 1576 habeo
540 1511 624 1595 quod
654 1511 770 1578 addam
793 1511 832 1576 de
859 1510 975 1594 oppido
996 1530 1060 1574 uno
1082 1506 1174 1572 nohis
1195 1507 1350 1572 testimoni

209 1617 295 1675 noto.
339 1611 385 1675 cf.
408 1619 547 1678 ueterum
569 1613 698 1680 Eokhel.
721 1613 750 1678 d.
772 1635 802 1680 n.
825 1613 865 1692 II,
887 1637 916 1696 p.
938 1613 1012 1678 581.

293 1729 501 1797 Transeamus
531 1735 594 1798 iam
621 1733 661 1798 ad
689 1733 805 1798 librum
828 1734 855 1798 V
878 1733 924 1797 ita
952 1731 1080 1814 quidem
1108 1729 1141 1794 in
1167 1749 1201 1794 re
1230 1728 1350 1793 institut

209 1838 394 1916 pergentes,
424 1838 460 1897 ut
485 1834 625 1899 insertae
654 1835 736 1900 sedis
762 1835 955 1919 fragmenta,
986 1851 1068 1916 quae
1089 1853 1161 1896 oum
1183 1829 1350 1913 singulonn

209 1932 365 1999 librorum
388 1936 582 2016 argumentis
611 1937 734 2000 ratione
762 1937 872 2018 aliqua
894 1956 1014 2000 conexa
1036 1933 1182 1998 videntur
1201 1952 1274 1998 esse
1294 1951 1350 1995 con

209 2055 374 2118 ponamus,
396 2034 509 2100 deinde
530 2037 677 2103 omnihus
699 2036 789 2105 libris
811 2035 1012 2120 perlustratis
1033 2033 1203 2100 afferamus
1226 2053 1275 2111 ea,
1299 2049 1350 2114 qua

209 2137 273 2202 iam
296 2136 407 2202 relicta
428 2158 496 2202 asse
516 2145 674 2221 putamus.

675 2307 911 2392 numm

289 2423 477 2504 Ὑλλοίαλα,
498 2426 602 2515 δῆμος
619 2425 752 2514 Καρίας.
791 2419 1015 2503 >Απολλιίνιος
1035 2421 1061 2491 ε’
1076 2426 1233 2510 Καρικῶν
1249 2427 1350 2506 „lidos

209 2529 244 2596 dd
267 2527 325 2597 τὸν
346 2527 451 2596 τόπον
472 2523 609 2610 ἐκεῖνον,
637 2529 721 2598 ἔνθα
734 2525 853 2607 Ὕλλος
878 2525 1059 2608 οίπιίλετο,Ι
1074 2521 1276 2592 Ὑλλοόαλαν
1296 2519 1350 2604 «ivd

207 2653 317 2714 μασαν
343 2629 399 2696 καί
426 2628 500 2710 ἕδος
529 2629 675 2698 ἐνταῦθα
703 2627 873 2712 turipum
897 2623 1115 2706 Ἀπόλλωνος.
1159 2625 1215 2693 καί
1244 2623 1350 2708 νῦνίν

209 2729 299 2820 παρὰ
321 2730 377 2798 τὸν
399 2725 531 2819 vedav)
554 2730 658 2820 δῆμός
678 2730 768 2800 ἐστιν
785 2727 965 2797 Ὑλλοίαλα
986 2725 1187 2814 λεγόμενος“.
1236 2723 1298 2794 ἅλα
1313 2725 1350 2810 γὰι

209 2829 240 2901 ol
263 2837 375 2919 Κᾶρες
395 2831 452 2899 τὸν
473 2835 583 2900 ἵππον
604 2831 714 2918 ἔλεγον
736 2831 779 2912 ὡς
800 2831 856 2899 καί
878 2829 1037 2918 πρότερον
1058 2825 1192 2920 εἴρηται.
1349 2897 1350 2910 ¹

294 2937 355 3002 Ubi
387 2958 469 3002 nora
495 2944 591 3020 atque
619 2925 769 3001 inaudita
791 2937 831 3000 de
858 2934 943 3021 Hylli
971 2935 1004 2999 in
1032 2934 1126 2998 Caria
1155 2940 1258 2998 morte
1288 2931 1350 3006 auci

208 3038 310 3120 pimus
326 3038 505 3122 carumque
527 3037 651 3104 fabulas
672 3036 764 3102 valde
778 3037 898 3101 alienas
913 3058 933 3101 a
948 3035 1140 3101 Graecorum
1156 3033 1253 3100 luisse
1267 3033 1350 3126 narro

208 3139 347 3204 tionibus
383 3161 464 3204 noro
503 3139 682 3204 testimonio
717 3138 875 3206 discimus.
931 3137 1018 3214 Quae
1051 3156 1124 3200 vero
1159 3135 1251 3202 addit
1281 3127 1350 3200 rerbl

209 3241 388 3326 Stephanus
417 3242 458 3305 ad
489 3241 599 3325 oppidi
628 3261 742 3306 nomon
771 3238 1052 3322 interpretandum,
1083 3257 1120 3302 ea
1146 3256 1205 3302 nos
1225 3237 1264 3302 ad
1285 3209 1350 3306 aliud

208 3341 369 3425 Apollonii
389 3341 600 3426 fragmentum
623 3341 766 3420 reiuiunt‚
790 3341 876 3424 quod
896 3339 949 3405 hic
970 3339 1108 3404 inserere
1131 3337 1236 3404 liceat.

1349 3499 1350 3540 ι

278 3601 312 3670 ⁸⁶)
330 3601 475 3670 Bargylias
487 3617 612 3654 nummos
621 3600 754 3667 Pegasum
766 3599 904 3652 volantem
916 3596 1062 3652 ostendere
1074 3594 1143 3650 diuit
1151 3593 1270 3650 Baekhel:
1282 3593 1344 3646 doctr

208 3707 235 3742 n.
248 3706 276 3757 p.
290 3688 312 3741 Ι.
325 3687 378 3741 vol.
398 3686 434 3741 11.
451 3705 478 3756 p.
497 3687 557 3740 tte.
576 3688 635 3741 679.
671 3686 713 3740 De
729 3684 816 3738 Tarso
834 3688 925 3737 autem
942 3681 1053 3752 oppido,
1073 3681 1288 3752 Bellerophontis

209 3775 309 3838 nobili,
337 3773 525 3827 Alexandrum
552 3773 751 3842 Polyhinturem
781 3771 883 3846 dixisse
912 3770 943 3824 in
974 3769 1054 3823 libris
1082 3770 1117 3823 de
1144 3768 1240 3824 (tiliois
1264 3760 1339 3831 scripti

208 3861 356 3916 verisimile
378 3865 427 3914 est.
472 3859 604 3914 Eiusdem
626 3860 710 3913 otiam
735 3857 870 3914 derebus
894 3857 985 3924 Lyciis
1009 3873 1023 3910 ε
1044 3855 1122 3914 libris
1146 3855 1284 3924 desumpta
1298 3843 1347 3903 nihl

209 3950 320 4004 videtur
337 3963 396 4001 esse
413 3947 536 4000 neuntio
554 3947 603 4000 illa
622 3946 657 4000 de
674 3945 886 4015 Bellerophonte
903 3947 932 3998 et
949 3943 1111 3997 mulieribus
1129 3939 1220 4011 Lyciis
1237 3941 1309 4011 [Plnt.
1322 3933 1346 3986 de

210 4037 275 4092 niul.
292 4037 356 4092 virt.
374 4031 480 4086 Λύκιαι
495 4051 537 4102 up.
556 4031 614 4103 IX.]
1086 4049 1087 4052 ¹

278 4141 314 4204 ⁰)
331 4141 375 4194 Ita
390 4138 445 4192 iam
463 4137 688 4192 Westermanuos
707 4139 736 4192 at
753 4135 879 4191 Meineke
897 4149 948 4205 pro
965 4133 1093 4190 oudinum
1109 4133 1226 4187 lectione
1242 4123 1305 4182 θεόν.
