2748 4714
552 233 593 300 27

24 412 51 478 ιδ
69 413 202 500 reign).
226 409 247 502 ἢ
267 411 319 483 ότι
337 408 502 504 Ἡρακλῆς
527 415 621 505 δίψει
643 416 859 500 κατασχεθεὶς
880 411 997 506 ηόξατο
1018 424 1065 506 τῷ
1087 414 1156 484 Διί.

23 513 80 582 εδδ
97 511 245 584 ἀνέδωκεν
265 512 354 604 αὐτῷ
374 517 492 604 μικράν
513 517 642 606 λιβάδα,
663 514 701 610 ἣν
726 517 933 602 θεασάμενος
952 519 1009 586 καὶ
1024 522 1158 604 σκάψας

25 616 230 702 δαψιλέστερον
255 616 393 706 ἐποίησε
414 620 587 707 φέρεσθαι.
633 621 725 707 παρὰ
746 621 784 690 τὸ
805 619 975 710 ἐσκάιμδαι
994 613 1054 688 σόν
1076 617 1158 709 εἴρη-

22 741 62 783 ιοι
71 717 265 805 Σκάμανδρος
281 719 337 789 διὰ
356 720 395 788 τὸ
418 722 580 808 γεγονέναι
601 722 748 807 καμάτου
768 725 825 791 καὶ
845 721 953 791 κόπου
971 722 1156 810 παραίτιον,

23 812 98 906 idad
120 820 155 888 τὸ
183 820 353 912 ἐσκάφθαι
380 818 436 890 ὑπ’
464 821 582 909 άνδρδς
610 823 734 916 ἐκλήθη
763 824 980 913 Σκάμανδρος.
1024 823 1158 904 Ξάνθος

22 921 47 989 δι’
70 922 171 1012 ἐπειδὴ
198 924 265 991 ἐκεῖ
293 922 488 1010 λουσάμενοι
516 923 550 993 αἳ
578 928 656 996 θεαὶ
685 929 808 1012 ξανθὰς
835 927 928 1012 ἔσχον
956 926 1015 1007 τάς
1041 923 1155 1010 κόμας,

21 1020 100 1092 dudm
115 1019 310 1114 Ἀλεξάνδρῳ
331 1019 410 1117 ἧκον
431 1027 524 1095 ἕνεκα
550 1028 689 1110 κάλλους
709 1029 955 1118 κριθησόμενοι.
997 1025 1156 1117 Ὅμηρος·
1241 1113 1245 1120 ¹

21 1117 46 1190 όν
61 1125 179 1198 Ξάνθον
199 1129 353 1198 καλέουσι
375 1127 461 1211 θεοί,
484 1125 598 1217 άνδρες
619 1132 655 1199 δὲ
677 1131 914 1222 Σκάμανδρον]

83 1231 254 1317 Etymclcgi
282 1233 377 1299 verbe
406 1234 601 1318 Stephanum
636 1242 709 1319 post
738 1235 948 1324 Σκαμάνδρου
981 1236 1157 1318 excipiunt;

20 1351 80 1412 quoe
108 1334 217 1400 deinde
249 1341 399 1402 secuntur
431 1335 570 1402 conflate
602 1344 676 1402 sunt
703 1359 742 1403 ex
772 1339 890 1408 scholio
918 1339 958 1404 nd
986 1338 1025 1402 Il.
1053 1342 1082 1400 Υ
1106 1336 1155 1400 74.

19 1432 78 1502 eo
94 1436 155 1504 BV.

81 1559 204 1623 Σοῦσα
232 1595 247 1608 -
266 1594 281 1607 -
302 1551 383 1621 ου’τὸ
415 1556 571 1623 καλοῦσιν
603 1553 635 1622 oi
666 1555 829 1646 βάρβαροι
856 1559 979 1643 [malim
1013 1556 1156 1640 equidem

21 1652 115 1740 Φρύγες
133 1659 172 1724 cf.
195 1659 299 1745 Etym.
326 1659 397 1738 722,
420 1659 461 1726 29
482 1665 515 1724 ct
535 1660 701 1726 Zonerem.
744 1655 857 1750 ἢάπδ
884 1664 944 1726 τοῦ
966 1656 1158 1740 ἱππάσιμον

14 1751 94 1943 Q
122 1752 219 1826 εἶναι·
255 1756 391 1826 σουσίαν
420 1759 480 1846 γάρ
512 1755 580 1828 ene
613 1756 724 1848 Σάρων
761 1759 818 1827 τὸν
851 1762 961 1828 ἵππον
991 1760 1156 1846 λέγεσθαι.

88 1864 138 1946 ⁴⁸].

81 1964 160 2041 Quae
181 1965 217 2030 in
232 1963 393 2048 Stephano
409 1965 557 2048 leguntur
573 1971 648 2034 onte
661 1988 767 2032 vocem
782 1959 947 2052 βάρβαρον
961 1987 1032 2030 cum
1047 1964 1159 2029 eedem

17 2059 63 2127 sese
80 2066 138 2131 sint
158 2073 257 2150 etque
278 2065 484 2151 Etymologus
505 2067 642 2145 exhibet,
665 2069 758 2133 ctiam
782 2070 926 2152 proxime
947 2066 1054 2146 verbe,
1077 2086 1158 2147 quae

3 2164 119 2230 *eandem
154 2168 332 2252 glossarum
374 2170 538 2234 scientiam
572 2170 715 2252 sapiunt,
753 2170 901 2234 addenda
937 2189 1004 2234 esse
1039 2167 1157 2251 putavi.

3 2260 159 2350 ‘scriptoris
186 2275 292 2335 sunem
319 2269 453 2335 alicuius
481 2291 596 2340 nomen
623 2272 776 2337 excidisse
805 2292 844 2336 cx
866 2273 1008 2337 oratione
1030 2268 1160 2351 oblique

3 2319 124 2456 ievedere
144 2370 224 2437 mihi
245 2369 378 2436 videtur.

4 2469 5 2528 i
80 2487 178 2557 Mults
202 2489 338 2574 denique
359 2489 511 2560 excidisse
540 2497 575 2556 ut
604 2492 816 2559 existimemus
838 2493 947 2569 verbe,
982 2512 1108 2575 quaes.
1130 2514 1159 2556 v.

18 2583 136 2676 Σγάκεια
161 2592 248 2676 apud
271 2591 466 2680 Shephenum
494 2592 658 2678 leguntur,
694 2615 752 2660 nos
784 2600 997 2670 commovent3
1032 2593 1159 2677 plenem

18 2690 78 2756 enin
97 2694 225 2760 exhibet
246 2714 352 2765 vocem
376 2693 426 2759 nt.
449 2693 555 2778 Magn.
577 2695 626 2760 ed.
649 2695 740 2761 Sturz
762 2719 793 2779 p.
817 2698 889 2761 670.

80 2790 273 2882 Σφήκεια,
308 2791 328 2882 ἡ
357 2791 501 2880 Κάπρος.
552 2796 713 2882 πρότερον
741 2794 801 2882 γάρ
827 2793 972 2884 Σφήκεια
1003 2795 1159 2873 ἐκαλεῖτο,

17 2886 145 2982 &onoc
177 2896 425 2984 Φιλσσγὲφανος
446 2899 550 2984 (codd.
572 2897 754 2985 Στέφανος)
784 2895 817 2964 ἐν
846 2903 893 2985 τῷ
922 2895 998 2982 περὶ
1021 2895 1160 2982 Κάπρου

17 2993 56 3072 [ci.
74 2997 108 3064 fr.
126 3001 179 3083 10]
215 2991 286 3064 άπὸ
306 3002 371 3062 τῶν
392 2996 628 3086 ἑνοικησάντων
650 2999 702 3066 dne

16 3095 127 3184 Σφῇκες.
173 3097 321 3165 ἐκαλεῖτο
351 3099 407 3165 καὶ
434 3099 617 3187 Κερασνόα,
653 3099 698 3181 ὦς
724 3100 915 3188 Μένανδρος
945 3100 978 3166 ἐν
1008 3105 1054 3188 τῷ
1083 3097 1161 3188 περὶ

16 3193 131 3286 Κάπρου
152 3201 254 3286 λέγει,
283 3199 339 3267 διὰ
364 3202 402 3268 τὸ
432 3200 597 3291 ἐνοικῆσαι
625 3202 706 3292 αὐτῇ
729 3198 848 3290 άνδρας
868 3199 904 3270 οἳ
923 3196 1009 3286 εἶχον
1032 3203 1161 3288 κέρατα.

15 3289 47 3374 ὥς
64 3299 95 3367 δὲ
115 3297 300 3387 Ξεναγόρας
321 3301 354 3368 ἐν
376 3309 423 3392 τῷ
449 3301 526 3391 περὶ
552 3303 676 3394 νήσων,
709 3304 764 3371 διὰ
790 3303 828 3372 ιδ
859 3303 941 3388 ἔχειν
965 3298 1090 3383 πολλάς
1112 3303 1162 3370 ἐν·

15 3393 83 3482 οχάς,
101 3394 139 3483 dg
160 3401 282 3488 κέρατα
303 3405 447 3488 καλοῦσι,
470 3403 637 3493 Κερασσία
658 3401 850 3494 ὠνομάσθη.

79 3505 319 3590 Philostephnni
356 3512 506 3590 quattuor
541 3511 574 3574 in
610 3512 790 3576 universum
826 3510 904 3575 locis
935 3509 1038 3595 Etym.
1072 3510 1163 3575 inicit

14 3609 198 3674 mentionem:
226 3629 251 3672 s.
272 3631 300 3673 v.
320 3603 455 3694 ’Λρεπάν
482 3609 537 3696 (cf.
566 3611 674 3696 infra),
705 3611 759 3677 ubi
789 3632 853 3676 una
883 3610 1014 3677 affertur
1036 3611 1161 3677 Cleonis

12 3707 219 3788 testimonium,
241 3711 330 3775 cuius
351 3731 466 3776 nomen
488 3713 613 3777 nonnisi
635 3713 695 3778 hoc
710 3712 780 3778 loco
794 3734 859 3778 non
873 3711 1012 3792 effertur,
1036 3716 1162 3798 saepius

13 3837 219 3854 *-

66 3930 194 3998 ⁴²)1dem
219 3931 322 4000 legitur
347 3929 420 3998 apud
453 3931 593 3986 scholiast.
618 3929 686 3998 Ιιγα.
712 3932 788 3996 1304,
817 3929 894 3983 cuius
917 3930 952 3983 de
974 3929 1025 3984 ilio
1050 3930 1162 3985 condito

12 4017 116 4072 camno
134 4019 274 4088 reperitur
291 4017 374 4070 etiem
392 4016 422 4070 in
439 4017 634 4072 vetustioribus
652 4017 763 4070 scholiis
781 4017 816 4071 εδ
837 4019 904 4071 Aen.
923 4021 947 4083 3,
968 4020 1026 4071 108.

66 4103 98 4170 ⁴⁸)
116 4105 222 4160 Addidi
233 4103 282 4159 on·
300 4120 399 4158 nomen
417 4120 451 4156 ex
464 4103 564 4158 Milleri
581 4103 676 4157 codice
694 4104 729 4159 cf.
748 4104 765 4156 l.
778 4104 794 4156 l.
812 4121 839 4172 p.
852 4105 913 4170 269,
932 4104 1044 4158 minime
1061 4103 1162 4159 dubius

9 4187 63 4254 enin
78 4190 129 4248 hoc
145 4193 256 4262 quidem
275 4193 336 4248 loco
353 4191 406 4261 Ωρ.
424 4208 478 4246 non
494 4190 615 4260 ‚,01ion“
633 4191 683 4246 sed
700 4191 806 4258 ‚,0rus“
824 4197 903 4246 esset.
