2748 4714
530 247 622 313 1ὃὸ

5 453 6 464 ³
40 435 201 500 universum
222 433 393 498 Ptolemaei
415 431 615 516 Philadelphi
646 437 750 497 aetate
775 433 923 499 Demetrii
954 433 1099 498 Phalerei
1128 454 1185 497 au·

5 607 7 624 ,
38 537 129 621 epiciis
158 535 334 602 conlectum
367 541 474 599 tamen
501 545 624 618 partem
657 535 724 598 eius
755 540 839 600 certe
868 535 1080 600 Alexandriae
1110 555 1184 600 con-

5 627 7 726 l
38 640 169 721 seriptum
208 657 275 702 esse
311 634 404 700 hodie
439 653 547 700 omnes
583 635 648 700 fere
680 635 821 700 homines
854 635 940 700 docti
969 636 1183 712 consestiuut;

5 731 6 780 l
37 741 113 821 pauci
133 740 238 816 etiam,
262 736 404 802 Aristeae
425 730 577 818 epistolae
605 737 748 819 quamvis
777 757 842 802 non
868 736 901 800 in
924 736 1068 826 omuibus
1090 737 1184 800 rebus

5 823 6 884 l
37 839 112 905 idem
144 839 298 914 habeant,
336 843 441 901 tamen
471 837 505 900 id
535 837 673 902 retinent
707 838 901 904 Demetrium
935 837 1056 904 consilii
1088 837 1184 903 fuisse

5 939 6 980 ³
36 947 190 1006 auctorem.
235 939 297 1022 [Ol.
320 939 471 1006 Schiirer:
506 938 695 1004 Geschichte
724 939 780 1004 des
798 939 968 1023 jiidischen
991 937 1107 1004 Volkes
1140 938 1183 1003 im

5 991 7 1092 l
36 1043 165 1107 urerer
186 1041 263 1106 ress
287 1040 401 1104 eurise
424 1038 463 1117 11,
487 1063 518 1124 p.
542 1041 612 1104 aar.
635 1042 698 1106 eae
719 1062 793 1105 ann.
815 1040 860 1122 a]

105 1143 226 1208 Deinde
247 1143 339 1206 etiarn
363 1141 518 1206 nemiuem
540 1140 649 1226 fugere
677 1141 787 1216 debet,
816 1141 874 1206 illa
900 1147 1004 1206 aetate
1031 1160 1183 1204 canonem

35 1243 106 1309 illum
128 1267 239 1326 regum
261 1242 487 1325 Aegyptiorum
508 1248 674 1325 acceptum
695 1263 763 1308 esse
784 1263 804 1306 a
825 1242 954 1308 Graecis
976 1249 1009 1308 et
1023 1243 1183 1308 &nonem

35 1345 209 1411 delectiones
238 1346 313 1409 solis
342 1344 383 1409 ab
406 1343 566 1427 Aegyptiis
595 1350 735 1409 servatas
763 1342 924 1426 collegisse
957 1344 1067 1426 [verba
1088 1343 1183 1408 attuli

34 1447 153 1512 Senecae
174 1451 244 1513 nat‘
262 1451 383 1529 quaest.
406 1443 474 1522 Vll,
497 1443 541 1530 3].

101 1549 249 1613 Studium
272 1548 368 1629 igitur
388 1545 543 1610 barbaras
564 1550 671 1628 gentes
693 1546 898 1630 cognoscendi
921 1568 959 1612 ac
974 1547 1183 1629 proprietates

33 1671 121 1714 earnm
150 1648 325 1732 indagandi
358 1668 429 1712 cum
456 1646 668 1712 Alexandriae
697 1654 807 1712 uatum
840 1650 882 1712 sit
913 1667 1015 1729 neque
1046 1646 1183 1712 fortasse

34 1751 81 1816 sine
99 1751 262 1816 Demetrio
274 1750 435 1825 Phalereo,
458 1748 603 1813 ducimur
624 1747 719 1812 etiem
740 1769 787 1825 eo,
810 1754 847 1814 ut
868 1747 929 1813 hoc
949 1749 1022 1832 ipso·
1040 1755 1182 1832 tempore

32 1852 157 1917 eiusdem
179 1852 238 1916 riri
262 1850 392 1916 consilio
413 1855 510 1932 atque
531 1850 721 1915 auctoritate
743 1847 945 1932 Apollonius,
959 1849 1013 1914 ille
1035 1849 1182 1914 sacerdos

32 1953 187 2019 adstudia
207 1952 263 2017 illa
284 1950 476 2034 capessenda
500 1950 714 2038 impelleretur
724 1950 777 2035 ⁹⁴).
820 1949 946 2015 Curiam
966 1958 1072 2036 autem
1093 1951 1183 2034 regni

32 2056 246 2140 Aegyptiorum
268 2054 341 2117 circ.
357 2072 386 2115 a.
402 2052 465 2116 270
480 2051 674 2136 provinciam
696 2050 793 2116 luisse
814 2056 947 2117 constat.
981 2052 1062 2130 Quid
1084 2053 1182 2136 igitur

32 2156 133 2234 obstat,
171 2176 234 2238 quo
266 2153 369 2218 miuus
403 2159 476 2217 tunc
507 2152 622 2236 ipsum,
645 2157 682 2218 ut
708 2151 803 2217 huius
824 2153 918 2218 etiam
948 2155 1050 2238 gentis
1072 2175 1122 2220 res
1142 2176 1182 2220 ac
1250 2215 1253 2220 .

30 2258 225 2344 proprietates
246 2255 425 2320 securatius
445 2259 715 2337 pernumerentur,
739 2253 905 2338 Apollonio
925 2255 1004 2320 illud
1021 2257 1180 2338 negotium

30 2361 217 2424 commissum
240 2377 306 2422 esse
328 2359 580 2438 statuamus?⁹⁶)

96 2659 273 2740 Posteram
296 2655 480 2737 scriptorem
503 2651 593 2717 illurn
612 2652 667 2717 dia
689 2653 825 2717 tenebris
852 2654 1000 2719 obrutum
1022 2676 1061 2720 ac
1081 2675 1182 2738 paene

32 2761 176 2842 sepultum
212 2777 374 2837 resurgere
410 2754 556 2818 iussimus
594 2774 737 2835 novaque
771 2755 804 2818 in
841 2753 912 2820 luce
949 2755 1181 2832 collocavimus,

32 2868 111 2926 restat
133 2867 174 2925 ut
196 2863 390 2942 exponatur,
420 2877 485 2938 qua
506 2857 558 2919 via
580 2855 638 2919 riri
668 2855 836 2938 singularis
864 2857 905 2922 ad
928 2877 985 2920 nos
1006 2861 1183 2940 pervenerit

32 2964 135 3027 notitia
191 2959 392 3043 Apollonium
422 2957 504 3020 enim
531 2957 636 3038 ipsum
667 2956 778 3039 legisse
807 2958 858 3020 vix
891 2959 1106 3041 expectandus
1135 2967 1183 3025 est

32 3060 207 3146 Stephanus,
237 3060 292 3124 sed
314 3059 420 3123 omnia
440 3056 565 3121 videtur
588 3057 768 3122 Alexandro
790 3057 1035 3144 Polyhistcrill)
1058 3061 1180 3141 debere,

32 3183 77 3244 qno
97 3187 133 3229 re
156 3183 233 3227 vera
263 3181 356 3226 usum
389 3180 423 3223 se
453 3180 521 3224 esse
553 3161 620 3241 ipse
648 3159 726 3223 dicit
755 3181 778 3224 s.
802 3182 828 3222 v.
853 3156 1046 3242 sedecula.
1073 3162 1183 3246 Neque

81 3422 115 3484 “l
136 3419 276 3489 Exposuit
293 3417 413 3472 breviter
431 3418 466 3470 de
483 3415 536 3470 hac
554 3433 583 3469 re
603 3415 783 3469 Wilamowitz
800 3415 829 3468 in
847 3415 948 3470 scholis
966 3418 1044 3472 acad.

81 3509 114 3578 ³⁸)
134 3506 179 3561 cl.
197 3504 395 3558 Wilamowitn:
416 3503 509 3572 Antig.
527 3519 554 3570 p.
573 3505 634 3556 221.
656 3504 716 3556 316.

82 3595 117 3662 ⁸⁸)
140 3594 243 3648 Mirum
266 3592 384 3645 fortasse
408 3589 525 3655 videtur,
553 3589 625 3658 quod
660 3589 720 3642 lere
745 3588 874 3654 omnium,
896 3603 966 3656 quae
984 3587 1019 3642 de
1036 3589 1183 3658 Apollonio

31 3689 122 3736 sensu
136 3684 204 3735 sunt
214 3679 363 3733 verborum
375 3678 464 3730 oratio
476 3682 553 3730 recta
571 3682 620 3739 est,
639 3674 774 3744 quamuis,
790 3678 823 3727 ut
840 3678 916 3728 reete
935 3677 1033 3729 statuit
1046 3675 1183 3734 l'reuden-

31 3765 72 3820 uu
88 3769 146 3840 [Al.
162 3766 256 3834 Polyh.
276 3784 300 3834 p
317 3767 357 3818 15.
376 3764 421 3834 27]
441 3763 595 3832 Polyhistor
614 3763 737 3816 oratione
760 3763 921 3830 plerumque
943 3767 1037 3816 utatur
1063 3763 1181 3835 obliqua.

30 3853 166 3908 Sedunum
193 3849 353 3908 monuerim.
390 3849 604 3919 EPolycharmi
617 3848 820 3902 narrationibus
833 3847 987 3916 Stephanus
999 3867 1087 3917 pauca
1104 3847 1183 3909 nobis

31 3941 132 3995 tradidit
145 3940 312 4009 fragmenta,
329 3955 408 4008 quae,
422 3944 453 3991 ot
465 3939 554 4007 primo
566 3937 675 3990 videtur
692 3933 800 4000 obtutu,
819 3934 879 4002 ipse
896 3934 1016 4004 collegit.
1040 3938 1076 3991 At
1087 3941 1182 3994 eadem

30 4025 107 4082 deteri
134 4027 287 4082 Alexandri
310 4026 455 4094 excerptis,
486 4022 652 4093 perspicitur
675 4037 741 4074 voce
758 4015 877 4091 Kpdyor,
899 4021 948 4074 ubi
970 4021 1120 4081 Alexandri
1144 4028 1183 4081 sl.

29 4111 139 4169 luuntur
152 4115 245 4178 verba,
262 4113 389 4168 doctrina
401 4113 491 4166 autern
505 4113 547 4164 est
559 4107 732 4178 Polycharmi
749 4107 796 4177 [cl.
810 4106 954 4162 Benudorf
959 4125 965 4159 :
983 4109 1082 4165 Reiseu
1094 4112 1181 4168 durch

5 4167 6 4202 i
29 4195 117 4267 lphisn
137 4219 166 4256 u.
184 4201 294 4256 Ksrien.
312 4218 340 4269 p.
358 4199 413 4270 77].
