2748 4714
783 209 825 274 30

219 388 366 477 ἐγχώριοι
393 387 537 468 πλάταις
557 387 613 455 καί
634 388 765 471 ιιοίπαις
791 391 847 460 καί
868 388 993 481 ιίρισίρ
1012 390 1200 479 κεχρημένοι
1220 389 1280 468 τὰς
1302 413 1339 474 πρ

220 489 378 581 ἀλλήλους
398 489 569 574 ἐπιμιξίας
590 491 776 559 ἐποιοῦντο.
821 493 857 560 ἐκ
872 491 990 560 τούτου
1012 485 1070 561 οὖν
1091 492 1152 572 τὰς
1173 489 1287 570 πόλεις
1306 488 1339 555 ὠν

219 618 340 679 μασαν·
385 587 457 659 ἀπὸ
475 594 535 677 μὲν
556 595 624 660 τῶν
645 596 783 660 πλατῶν
804 593 992 674 Πλαταιάς·
1028 589 1099 662 ἀπὸ
1120 595 1158 663 δὲ
1178 599 1245 661 τῶν
1265 619 1339 659 nomo

221 693 378 773 Κώπας.
407 690 478 763 ἀπὸ
499 691 779 784 disperderetur
800 693 961 782 Εἰρέσιον.

306 799 393 876 Quae
415 798 541 881 quidem
564 798 661 864 verba
682 800 869 882 Apollodori
897 801 974 867 mihi
996 800 1144 865 videntur
1172 819 1283 883 sapere
1307 798 1339 862 do

220 903 351 977 trinam3
382 921 456 966 nam
479 921 550 965 cum
572 900 752 983 Stephanus
775 923 800 967 s.
822 923 850 966 v.
871 898 1094 983 chruwt⁴⁷)
1116 903 1175 968 viri
1197 901 1282 966 illius
1300 900 1339 963 do<

221 1004 260 1068 de
282 1002 484 1068 Plataearum
505 1008 538 1067 et
559 1001 718 1085 (luparum
747 1004 927 1070 nominibus
952 1003 1102 1070 iudicium
1124 1001 1251 1080 afferat,
1278 1001 1339 1084 quid]

221 1107 317 1170 etiam
335 1104 396 1170 hoc
418 1104 487 1169 loco
509 1103 646 1168 eiusdem
669 1105 856 1188 sapientiam
878 1105 977 1172 latere
998 1109 1196 1172 statuamus?

307 1223 355 1288 De
376 1243 451 1288 voce
464 1217 616 1300 Γιίδιυνος
637 1244 720 1306 quae
741 1223 858 1288 excidit
878 1225 913 1289 in
928 1225 1089 1307 Stephano
1111 1245 1182 1290 cum
1198 1223 1288 1288 huius
1301 1241 1340 1286 eor

222 1326 424 1390 mentationis
451 1324 484 1388 in
507 1324 609 1389 altera
635 1331 726 1407 parte
748 1326 826 1408 quid
849 1326 1050 1393 statuendum
1072 1327 1113 1392 sit
1133 1327 1340 1392 accuratinsu

222 1428 382 1511 positurus
403 1428 472 1508 sim,
494 1447 579 1491 nunc
601 1447 705 1508 pauca
725 1428 840 1494 addam
864 1428 903 1493 de
926 1422 1145 1514 Κεφαλληνία.
1178 1427 1246 1492 Iam
1268 1425 1340 1510 pride

222 1531 305 1595 enim
329 1550 399 1594 cum
422 1528 712 1596 Schleusnerus
739 1530 794 1614 (cf.
816 1529 975 1596 Gaisford.
998 1553 1029 1614 p.
1053 1530 1116 1595 507
1139 1550 1213 1594 ann.
1237 1531 1340 1610 super

223 1633 386 1715 spexisset,
409 1630 590 1716 Etymologi
612 1653 636 1697 s.
656 1633 731 1698 hv.
753 1633 850 1698 verba
871 1637 1021 1715 corrupta
1042 1630 1244 1698 emendanda
1263 1646 1340 1694 essee

223 1732 375 1816 Stephani
396 1753 472 1798 voce
494 1728 649 1816 Κρόνιοι,
683 1734 737 1800 uhi
758 1755 862 1817 pauca
882 1736 978 1800 etiam
1001 1733 1041 1798 de
1061 1733 1268 1816 Cephallenia
1285 1727 1340 1795 insul

224 1836 441 1912 inveniuntur,
472 1836 530 1898 viri
556 1836 642 1901 docti
669 1838 825 1919 scriptura
846 1836 973 1902 Miilleri
994 1835 1103 1902 codice
1125 1833 1340 1899 confirmatas

222 1935 316 2000 Unde
343 1936 408 1999 veri
437 1935 515 2000 mihi
543 1938 643 2001 visum
672 1945 721 2002 est
752 1938 962 2016 simillimum,
995 1936 1175 2021 Etymologi
1204 1937 1269 2000 rice
1296 1949 1340 1996 ves

223 2036 363 2102 subsidio
384 2037 443 2102 niti
464 2059 522 2102 nos
544 2059 646 2121 posse,
677 2045 712 2104 ut
734 2039 982 2124 ethnicographo
1003 2040 1088 2106 vocis
1109 2039 1247 2104 amissae
1267 2040 1340 2120 parta

222 2138 335 2204 saltem
356 2138 537 2204 reddamus·

309 2236 580 2361 Karpellpne'c.
624 2236 693 2307 ἀπὸ
716 2236 872 2334 Κεφάλου
893 2239 994 2321 τινός,
1025 2264 1066 2319 ος
1086 2237 1249 2318 ακόυοίως
1269 2229 1340 2304 duell

223 2338 369 2427 Πρόκριν
396 2338 455 2427 τὴν
481 2335 657 2463 Ἐρεχθέως
687 2341 854 2428 θυγατέρα
887 2345 946 2428 [sic
975 2345 1044 2410 cod.
1073 2343 1168 2430 Mill]
1200 2339 1294 2426 ἔξεισι
1332 2337 1340 2350 ”

220 2446 372 2531 ίττικῆς
406 2441 463 2507 καί
499 2440 557 2508 σὺν
588 2438 811 2569 Ἀμφιτρύωνι
847 2441 1055 2529 στρατεύεται
1082 2469 1166 2510 κατα
1205 2434 1339 2600 Ίρλιβίφ

223 2541 340 2611 ἔπειτα
355 2543 392 2610 δὲ
408 2543 443 2610 ἐκ
454 2541 682 2632 Λυσίππης”
660 2569 751 2626 εσχεν
762 2542 893 2631 Πρόνον
908 2549 995 2632 [add.
1007 2549 1043 2614 E.
1053 2548 1094 2614 M.
1111 2548 1229 2612 Milleri
1245 2570 1273 2630 p.
1285 2543 1331 2614 18,

224 2647 310 2732 quod
330 2655 437 2712 tamen
451 2650 590 2731 Πρῶτον
612 2648 724 2732 habet]
746 2644 857 2731 Σάμον
879 2650 983 2733 [codd.
998 2653 1157 2736 Σαμαῖον]
1180 2673 1238 2714 και
1229 2643 1329 2727 Κρσῖ

224 2749 330 2834 [codd.
366 2753 545 2833 Κραναῖον]
579 2747 634 2814 καί
661 2751 795 2832 Παλία,
827 2746 887 2838 ἀφ
916 2742 960 2816 ὧν
989 2775 1021 2817 οι
1053 2750 1088 2818 ἐν
1117 2754 1159 2840 τῇ
1181 2748 1317 2837 Κεφαλλ,
1307 2765 1333 2806 ro

225 2854 402 2936 Προναῖοι,
425 2853 582 2932 Σαμαίου,
605 2849 759 2938 Κράνιοι,
783 2855 909 2933 Παλεῖς
930 2851 1248 2941 προςργορεύθησαν.
1285 2843 1322 2913 ull

222 2946 465 3039 Ἐπαφρόδιτος
486 2949 559 3018 ἐν(
541 2947 754 3042 υπομνήματι
776 2959 836 3044 τῆς
853 2949 1050 3033 Ὀδυσσείας

310 3055 519 3121 Videturt
464 3062 519 3121 aut
520 3077 568 3121 em
595 3057 691 3122 fuisse
713 3058 925 3142 Epaphroditi
946 3059 987 3123 ad
1010 3057 1068 3123 0d.
1092 3058 1121 3136 λ,
1144 3057 1203 3122 321
1238 3071 1315 3120 cono

225 3159 343 3236 tarius,
365 3159 420 3238 qui
443 3158 482 3222 de
504 3157 642 3241 Cephalo
664 3159 824 3225 Procridis
845 3161 1046 3227 interfectore
1068 3162 1143 3244 agit.
1190 3157 1310 3241 stephan

226 3261 280 3341 qui
302 3266 366 3323 tam
390 3260 490 3323 multa
512 3259 605 3325 debet
619 3261 837 3343 Epaphrodito
852 3263 990 3327 eiusdem
1005 3263 1038 3327 in
1053 3262 1114 3328 hac
1130 3283 1207 3327 voce
1223 3252 1338 3341 neglexisse

226 3361 440 3425 testimonium
463 3363 590 3426 omnino
609 3383 674 3427 non
697 3369 745 3428 est
766 3362 917 3428 credibile
927 3366 980 3450 ⁴⁸).

311 3478 379 3543 Iam
400 3501 502 3562 pauca
533 3481 610 3547 haec
638 3482 782 3565 exempla
809 3481 953 3548 sulficere
982 3483 1058 3547 mihi
1080 3483 1229 3548 videntur
1251 3479 1283 3545 ad
1299 3473 1338 3534 vill

227 3582 464 3647 monstrandam
487 3604 550 3665 qua
571 3583 696 3665 longius
716 3583 949 3665 procedendum
972 3585 1029 3660 sit3
1056 3605 1140 3648 nunc
1162 3584 1274 3649 addere
1289 3576 1337 3680 llll

227 3683 380 3748 nonnulla
402 3683 441 3748 de
462 3683 590 3749 vocibus
611 3684 800 3767 quibusdam
823 3686 1039 3764 restituendis,
1061 3686 1116 3751 uhi
1138 3707 1190 3751 res
1212 3706 1269 3751 non
1285 3682 1336 3744 jou

227 3790 338 3870 aperto
360 3790 416 3852 est.

298 4001 333 4067 ⁴²)
352 4001 512 4057 cillicae:
530 4002 582 4056 Rh.
601 4001 672 4056 Mus.
690 4005 724 4058 32
742 4021 769 4072 p.
788 4005 848 4059 269.
868 4004 905 4059 cl.
925 4005 1008 4059 stiam
1027 4006 1154 4061 Eustath.
1174 4009 1234 4074 267,
1251 4009 1283 4059 lt.

297 4089 331 4157 ⁴¹)
347 4087 477 4142 Fortasse
494 4087 630 4143 debentur
647 4089 730 4143 stiam
743 4089 942 4160 Epaphrodito,
961 4109 1032 4160 quse
1050 4094 1181 4164 leguntur
1198 4095 1226 4148 in
1243 4073 1332 4147 scholiul

229 4178 263 4242 Β,
282 4176 368 4230 631A-
404 4174 505 4228 aarum
522 4175 672 4244 dilinenter
689 4176 780 4237 locum
796 4179 929 4233 ustura
945 4179 1103 4236 numano
1120 4181 1138 4236 1.
1157 4181 1177 4236 ι.
1194 4199 1220 4251 p.
1238 4182 1272 4235 c.
