2748 4714
757 270 800 334 20

268 448 435 534 ’Έμιοα,
458 449 558 532 πόλις
582 460 622 521 Φ.
646 503 673 520 ..
688 502 716 519 ..
760 450 815 518 καί
844 449 930 520 ἔοικε
955 448 1076 518 κλίνειν
1102 449 1144 516 τὰ
1160 445 1287 535 Ἒμιοα
1309 445 1352 532 [ὥς

193 555 235 620 τὰ
250 549 404 639 Μέγαρα]
426 551 445 641 ἡ
469 555 521 638 [δὲ
535 560 603 640 νῦν]
622 560 736 642 χρῆσις
757 557 925 643 θηλυκῶς·
948 549 1046 638 [α’λλὰ
1062 559 1136 632 πῶς
1149 550 1352 636 τὸἘμιοαῖος

193 649 262 723 ἆπό
285 661 345 722 τοῦ
366 650 535 740 οὐδετέρου
556 658 699 741 γέγονεν;
722 653 753 722 εἰ
773 653 819 745 μή
839 680 890 734 τις
912 653 1004 743 φαίη,
1027 652 1140 739 α’ίοιεερ
1162 652 1202 721 τὸ
1227 651 1352 735 Γάδειρα

194 764 225 822 Γ
222 758 400 842 αδειραῖος]
422 753 455 822 ἔν
475 780 544 823 τισι
656 748 831 845 Ἐμεσηνός
856 753 917 842 [ὥς
943 756 982 822 τὸ
1005 757 1134 844 Γέρασα
1156 763 1188 822 Γ
1185 752 1352 843 ερασηνός]Ι

279 861 342 925 Res
363 881 420 943 per
440 881 474 926 se
494 867 597 944 petot3
619 882 717 926 unum
732 868 838 930 temen
856 863 968 925 mirum
984 867 1041 938 est,
1064 858 1195 942 quodie
1210 857 1352 942 Stephani

193 963 296 1029 verbis
328 962 391 1027 illis
423 983 479 1045 per
510 983 543 1028 se
573 981 704 1046 prorsus
733 964 891 1030 obscuris:
923 957 1010 1028 ἔοικε
1038 958 1158 1028 κλίνειν
1179 961 1221 1026 τὰ
1243 956 1352 1043 Ἕμιοα

193 1065 350 1130 editorum
371 1085 462 1130 nemo
485 1063 658 1129 offenderit

277 1177 482 1268 Ἐρεμβοί,
514 1177 614 1260 ἔθνος
630 1175 780 1267 Ἀριίβαιν
808 1176 889 1266 [cici
910 1180 973 1268 γαρ
995 1177 1069 1250 ἀπὸ
1081 1179 1244 1269 ’Ἀραβθςι
1272 1186 1351 1265 βασι·

195 1284 276 1362 λέως
299 1285 519 1367 Βαβυλῶνος]
554 1279 705 1369 Ὅμηρος.
749 1321 764 1334 -
786 1321 801 1334 -
820 1277 1005 1370 Ἐρεμβοιίς.
1044 1279 1233 1369 [Ἐρεμβοὺς
1255 1279 1287 1348 oi
1306 1281 1350 1363 μὲν

194 1378 429 1471 εούςἌραβάς
449 1407 560 1470 φασιν,
585 1376 631 1463 ὥς
649 1380 842 1464 Ἑλλάνικος.
878 1382 959 1453 ἔνιοι
981 1384 1018 1452 δὲ
1038 1383 1116 1464 τοὺς
1131 1377 1350 1470 Τρωγλοδύτας

194 1484 347 1576 ἤκουσαν]
385 1481 457 1550 ἀπὸ
480 1490 539 1550 cosi
561 1481 608 1564 είς
628 1483 687 1571 τὴν
709 1483 784 1573 ἔραν
806 1485 938 1571 βαίνειν.
974 1485 1120 1576 [Κράτης
1142 1485 1179 1553 δὲ
1198 1483 1349 1572 Ἐρεμνοίς

193 1586 311 1674 γράφει
332 1585 388 1652 καί
409 1583 599 1653 ἀποδίδωσι
620 1586 696 1666 τοὺς
715 1581 834 1667 Ἰνδοὺς
855 1587 932 1656 ἐπεὶ
951 1587 1088 1672 μέλανες
1109 1579 1225 1672 οὗτοι]
1263 1585 1348 1671 λίβον

193 1715 249 1756 ται
270 1688 337 1775 [δὲ]
360 1687 416 1754 καὶ
434 1683 620 1774 Ἐρεμβαῖοι
643 1727 658 1740 -
681 1727 697 1740 -

277 1793 346 1857 Iam
368 1792 483 1875 quibus
505 1792 544 1856 de
566 1793 668 1858 causis
689 1793 884 1877 Stephanum
906 1815 946 1858 ex
967 1792 1186 1878 Etymclogico
1208 1795 1257 1858 itu
1278 1791 1347 1858 resti·

193 1896 322 1973 tuerim,
351 1893 518 1959 dicendum
548 1893 625 1958 mihi
654 1901 710 1960 est.
753 1899 799 1960 Ac
820 1896 956 1979 primum
978 1894 1103 1977 quidem
1126 1896 1297 1960 commovit
1314 1911 1346 1956 uo

194 1997 352 2062 Hellenici
375 2017 499 2075 nomen,
522 1997 577 2079 qui
594 1994 636 2061 eb
652 1996 839 2082 Etymologo
860 1998 962 2064 tribus
978 2004 1102 2062 tentum
1115 1997 1194 2062 locis
1209 1995 1298 2076 (139,
1314 1993 1345 2058 18.

195 2099 269 2176 370,
284 2098 326 2162 42
342 2097 481 2182 (nostro)
505 2099 580 2176 407,
594 2098 636 2164 48
650 2105 921 2176 commemoratur,
945 2099 1053 2165 multis
1068 2098 1231 2182 Stephani,
1256 2095 1345 2162 deiude

198 2200 295 2266 verbo
322 2220 405 2284 quse
432 2200 490 2264 sub
512 2198 608 2264 finem
630 2200 793 2283 leguntur:
824 2197 972 2283 λέγονται
986 2187 1027 2248 —ss
1042 2194 1229 2285 Ἐρεμβαῖοι
1260 2200 1352 2266 extent

194 2301 280 2384 opud
302 2305 479 2382 utrumque.
522 2300 636 2366 Omnis
658 2309 764 2368 eutem
785 2301 876 2381 haec,
899 2324 981 2386 queo
1003 2324 1027 2368 s.
1050 2303 1081 2368 h.
1103 2323 1131 2367 v.
1154 2303 1342 2372 inveniuntur,

195 2401 387 2468 scholiorum
418 2402 461 2467 ed
494 2401 585 2468 Hom.
607 2403 665 2470 0d.
688 2404 716 2482 δ,
747 2401 842 2487 84³⁰)
875 2404 978 2469 redire
1011 2405 1052 2469 ad
1084 2403 1266 2468 doctrinam
1294 2419 1342 2464 cuu

194 2503 316 2570 scholia
348 2504 420 2587 ipse
448 2509 516 2569 tum
550 2505 601 2570 vel
630 2507 663 2570 in
696 2505 807 2589 primis
835 2505 998 2572 Strabonis
1026 2504 1142 2569 docent
1170 2505 1281 2582 verbe,
1308 2497 1351 2582 qui

195 2605 409 2688 compluribus
443 2605 521 2670 locis
554 2605 654 2688 [XVL
679 2605 752 2670 784.
787 2605 814 2685 Ι,
834 2607 887 2673 41.
921 2606 961 2673 cf.
983 2606 1008 2684 I,
1030 2607 1086 2689 38]
1120 2626 1246 2671 versum
1277 2604 1340 2670 illm

195 2707 389 2773 homericum
411 2705 440 2785 δ,
463 2706 506 2770 84
528 2713 758 2772 commentatus
780 2712 837 2773 est

278 2821 445 2910 Ἐρυθρά
468 2863 483 2875 -
498 2863 513 2876 -
534 2823 638 2913 ἥρωος
659 2822 836 2909 [πεσόντος
857 2823 924 2892 ἐκεῖ
946 2821 1002 2889 καί
1016 2823 1202 2908 πνιγίνεος·
1227 2822 1337 2911 ἔρριψα

194 2925 256 3014 γὰρ
284 2921 383 2991 αὐτὸν
415 2923 462 3004 είς
493 2926 552 3015 τὴν
586 2925 761 2993 θάλασσαν
790 2925 845 2991 καί
878 2924 1051 3006 ἐλάξεοσαν
1080 2922 1148 2991 ἐκεῖ
1179 2923 1279 2993 λίθον
1305 2919 1336 2986 ui

195 3025 343 3115 ἔγραψαν
365 3024 476 3106 οὕτως.
509 3026 652 3109 »ἐνθάδε
672 3026 793 3112 τύμβος
807 3024 886 3108 ἁλὸς
900 3034 958 3094 τοῦ
974 3028 1223 3110 παμμεδέονεος
1235 3032 1277 3114 ⁸¹)
1291 3025 1336 3111 (soi

178 3132 267 3196 ,edm
291 3130 397 3216 Sturz)
417 3123 622 3214 ’Eoitcofflt
670 3127 829 3216 Ου’ρᾶνιος
852 3127 879 3196 δ’
903 3168 917 3182 -
933 3168 948 3180 -

282 3233 329 3296 De
350 3252 386 3297 re
407 3231 547 3296 dubitari
569 3253 633 3298 nou
655 3240 770 3315 potest,
793 3239 941 3298 secuntur
963 3232 1046 3298 enim
1068 3233 1101 3298 in
1117 3232 1152 3298 R
1169 3231 1211 3297 M.
1228 3253 1265 3297 ee
1283 3241 1333 3312 quot

199 3381 425 3393 ——ffl

221 3439 224 3448 ¹
265 3462 298 3528 ⁸⁰)
317 3462 356 3514 De
388 3459 440 3514 hoc
470 3475 501 3512 re
531 3475 619 3526 neque
649 3477 719 3528 quoe
743 3459 967 3513 Wuehsmuth
1001 3461 1053 3528 (De
1077 3461 1149 3513 Cret.
1176 3460 1251 3512 Meli.
1272 3477 1292 3526 p.
1308 3451 1331 3514 43]

197 3548 327 3602 disseruit
354 3563 443 3615 neque
472 3545 667 3601 Ludwichii
696 3551 909 3601 commentarius
942 3548 1097 3616 (Aristorch
1122 3548 1144 3614 1,
1168 3565 1195 3615 ρ.
1220 3548 1276 3600 538.
1294 3537 1330 3602 ott)

198 3637 325 3689 videntur
344 3633 478 3699 sufficere,
496 3638 646 3700 utrumque
665 3635 735 3686 enim
756 3634 890 3703 Stephani
908 3635 984 3689 locus
1002 3634 1082 3704 fugit.
1120 3635 1162 3688 Ee
1179 3639 1276 3697 eutem,
1289 3637 1330 3696 qut

197 3723 312 3778 exhibet
331 3721 362 3775 Ε.
381 3720 420 3774 Μ.
439 3739 473 3774 ex
493 3722 599 3789 optimo
617 3720 736 3788 quodam
756 3721 861 3776 scholio
879 3722 915 3775 cd
932 3722 1082 3776 Homerum
1100 3722 1245 3787 fluxerunt,
1263 3716 1328 3785 quippe
1347 3777 1348 3790 i

196 3827 266 3878 quoe
284 3827 339 3862 non
358 3810 446 3864 solum
455 3808 580 3874 Cratetis,
598 3806 673 3876 quod
690 3811 783 3860 cetere
801 3808 913 3875 hebent,
931 3809 1121 3864 testimonium
1139 3808 1290 3876 praebeant,
1302 3794 1328 3851 εί

197 3899 281 3953 etiem
307 3894 441 3949 Hellenici
473 3911 562 3962 neque
586 3894 807 3948 additamentum
831 3893 931 3948 fulsum
954 3895 1025 3949 illud
1048 3897 1083 3950 de
1107 3896 1265 3950 Aristcrcho
1280 3885 1326 3959 [Δί’

198 3998 317 4053 σταρχος
334 3977 478 4052 Ἐρεμβοὺς
493 3975 557 4038 τοὺς
575 3976 692 4052 Ἄραβας
708 3977 802 4034 ἀκούει
818 3981 955 4050 H.M.Q.R.
970 3983 1005 4036 cf.
1016 3982 1094 4036 Eust.
1115 3981 1220 4052 1485‚6]
1238 3978 1325 4033 mccc
1347 4019 1348 4063 η

198 4071 326 4124 Ceterum
343 4066 469 4123 conteres
487 4068 615 4121 Tzetzem
634 4067 670 4121 ed
689 4067 754 4135 Lyc.
770 4069 831 4136 827,
854 4069 902 4139 qui
921 4069 1057 4124 Hellenici
1075 4071 1260 4124 testimonium
1274 4057 1323 4117 debet

197 4157 303 4212 scholio
322 4156 357 4209 nd
378 4155 441 4221 iayc.
458 4158 576 4220 vetusto,
594 4157 687 4208 cetere
705 4154 833 4219 Diodoro,
851 4173 932 4224 quem
951 4155 1040 4211 offert.

269 4243 302 4320 ’ἠ
321 4241 361 4296 Cf.
380 4241 456 4296 Mein
473 4242 553 4296 Auel.
571 4242 604 4296 Δ.
622 4258 649 4309 p.
669 4241 731 4294 stc.
