2748 4714
781 239 942 316 18Ἰ

217 434 324 501 Γάδον
352 436 438 517 qued
467 436 529 501 iam
559 439 697 502 correxit
719 435 1008 521 Hemsterhuis¹⁷)]
1030 431 1090 519 γὰρ
1111 428 1190 518 παρ’
1212 427 1339 509 αότοῖςι

215 537 251 604 ἐκ
272 544 388 622 μικροῦ
410 530 681 624 ᾦκοδομημένον].

298 641 451 725 Stephani
474 640 568 706 verba
597 636 643 716 ὡς
670 632 751 704 οὖσα
779 632 888 703 ταινία
914 643 972 724 τῆς
993 642 1050 724 γῆς
1072 635 1177 720 δειραὶ,
1208 638 1248 702 de
1269 637 1339 719 qnih

213 745 276 809 iam
292 743 466 808 Meinekius
486 743 651 819 dubitavit,
675 752 710 806 ut
732 744 824 806 nimis
846 747 1011 805 contracta
1032 761 1070 804 ex
1089 739 1250 805 Eustathii
1270 759 1339 803 ceni

213 846 255 910 ad
279 846 369 909 Dion.
385 868 411 908 v.
429 845 480 922 64,
507 846 545 909 15
559 850 590 908 et
609 844 647 908 18
671 843 778 908 Muell.
801 849 833 907 et
854 842 1071 926 etymologine
1092 843 1175 907 inter
1196 862 1231 906 se
1252 857 1339 906 conse

213 947 363 1011 tientihus
391 947 554 1011 restituere
580 952 712 1010 cenatus
741 966 819 1009 sum.
864 944 985 1009 Deinde
1007 946 1101 1010 etiam
1124 944 1206 1008 idem
1229 941 1267 1008 fit
1286 950 1339 1023 οισι

213 1051 246 1114 in
269 1049 376 1113 multis
397 1048 536 1126 vocibus
558 1053 595 1112 ut
610 1047 733 1112 Claudii
745 1046 823 1111 Julii
844 1047 905 1110 nisi
927 1046 988 1110 hoe
1003 1046 1212 1132 Etymolegici
1235 1046 1339 1110 Iocone

212 1151 361 1216 iniciatur
384 1149 511 1226 mentio,
535 1155 640 1214 cetera
661 1170 735 1215 vere
757 1149 938 1232 fragmenta
959 1148 1043 1231 apud
1066 1170 1165 1212 unum
1186 1147 1339 1232 Stephane

213 1252 368 1335 legantur.

298 1369 387 1450 Γάζα
499 1394 530 1453 p.
553 1371 623 1450 194,
650 1371 688 1434 12
707 1368 801 1432 Mein.
826 1418 855 1434 ..
877 1367 977 1446 ἔθνος
1000 1368 1156 1432 Γαλατῶν
1178 1362 1227 1451 [οἱ
1248 1363 1339 1453 τὴνφῆ

214 1473 389 1559 ζητοῦντες.
424 1467 618 1548 ἐκπεσόντες
638 1468 699 1590 γὰρ
719 1475 778 1556 τῆς
798 1464 923 1534 ἑαυτῶν
945 1466 1050 1554 χώρας
1072 1466 1200 1556 πολλὴν
1215 1470 1275 1556 γῆν
1290 1489 1339 1548 περι

213 1576 318 1660 ἦλθον
341 1569 548 1659 ζητοῦντες”
528 1595 597 1660 οπη
617 1567 815 1659 οἰκήσουσιν.
839 1567 935 1653 (ὅθεν
957 1574 1067 1637 inserit
1087 1571 1181 1637 Mein
1208 1563 1339 1637 Αοο11.ι2

210 1698 243 1759 p.
267 1676 322 1761 68)
358 1670 567 1761 Εὖφορίαιν’
551 1698 585 1740 εν
607 1673 845 1761 Πολυχάρειη
848 1679 892 1756 Γ
888 1674 1016 1761 αιζφται
1038 1697 1115 1757 πιρι
1106 1668 1247 1756 διείρεο
1266 1661 1339 1772 χριοό

213 1779 431 1862 φοριῦντες“].

297 1879 394 1942 Recte
415 1899 466 1943 me
485 1878 661 1944 restituisse
683 1879 871 1962 Stephanus,
895 1877 1111 1963 Etymelogus,
1133 1819 1339 1948 Eustathiusd

217 1980 276 2044 188
297 1979 380 2044 inter
401 1999 434 2044 se
457 1979 565 2044 collati
587 1981 763 2065 doeentn).
1338 1995 1339 2078 φ

299 2093 352 2160 Γ
332 2120 496 2181 αργαρα
526 2095 695 2176 πόλις...
706 2089 947 2186 .”16ηςε[ε’ξ
927 2122 965 2186 ης
992 2096 1046 2164 διὰ
1074 2096 1112 2162 τὸ
1139 2079 1339 2183 κροῶδεςότί

212 2197 395 2285 κατέβησαν
433 2194 464 2263 οὶ
499 2203 531 2263 Γ
527 2204 676 2285 αρμαριῖς
711 2199 767 2265 καὶ
803 2195 924 2286 ᾤκισαν
958 2193 1056 2286 όλλφν
1089 2203 1183 2284 [eorr.
1214 2201 1302 2266 Mein.
1326 2215 1334 2256 ι

213 2302 404 2366 Luentzner:
439 2301 577 2384 Epaphr.
607 2302 674 2367 rell.
698 2326 729 2387 p.
753 2305 810 2386 35]
832 2297 900 2369 ὑπὸ
921 2299 1037 2368 πεδίον
1059 2298 1238 2386 Γάργαρον.
1281 2293 1328 2364 ἐκεί

213 2403 250 2467 δέ
278 2400 486 2524 ίρφμφθιῖσα
511 2403 674 2488 καλεῖται]
704 2401 840 2469 Παλαιὰ
862 2401 911 2468 Γ
890 2427 1084 2488 αρμαρος
1056 2405 1165 2488 (Mein.
1194 2394 1328 2468 Παλαι’

212 2494 374 2589 γαρος)
354 2528 391 2589 ην
425 2498 673 2590 Αἰολικὴν...
689 2503 762 2569 .νέ
745 2502 947 2629 νιίαρίσση
981 2499 1042 2589 [ὡς
1074 2505 1168 2592 δηλοῖ
1201 2502 1321 2588 Νύμφις

212 2602 397 2691 φιλόσοφος
419 2605 471 2690 (St
471 2627 542 2672 urz.
571 2599 766 2692 ιστορικός)·
790 2602 893 2684 οίίταις
917 2599 1160 2694 Επαφρόόιτος
1182 2600 1258 2670 ἐν(
1240 2624 1333 2684 οπομι,

211 2731 291 2790 μανι
317 2709 347 2772 Θ
366 2699 503 2784 Ιλιάδος
528 2705 793 2789 παρατιθέμενος
815 2705 1016 2792 Κλείταρχον
1045 2702 1232 2793 Αιγινήτην
1263 2707 1314 2784 na

212 2804 344 2895 γράφον,
366 2802 462 2874 ι’ίλλοι
483 2800 560 2874 dd
540 2805 610 2873 απὸ
632 2814 690 2873 τοῦ
711 2805 910 2894 μαργαρίζεικ
930 2807 987 2875 καὶ
1009 2802 1199 2876 αναόιδόναι
1221 2835 1264 2876 τα
1252 2805 1322 2874 {ide

214 2911 269 2994 [ef.
294 2911 329 2976 V
351 2933 425 2978 ann.
450 2912 505 2993 34]
535 2905 673 2996 (ιιρηται
701 2910 739 2975 δὲ
764 2912 853 2976 addit
875 2905 966 2993 V)’
945 2908 1016 2977 απὸ
1043 2917 1235 2998 μεταφορᾶς
1261 2901 1330 2976 τοῦ1

213 3017 283 3089 τοῖς
316 3009 467 3093 σώμασιν
495 3007 586 3099 ἡμων
614 3017 832 3098 μαρμαρεῶνος
859 3015 931 3100 (τῆς
959 3013 1144 3100 λεγομένης
1159 3015 1327 3126 σταφυλῆς

213 3116 312 3194 addit,
333 3116 374 3180 ef.
397 3115 495 3180 Gaisf.
519 3115 622 3199 annm)
645 3137 700 3177 και
722 3111 842 3197 γὰρτὸ
864 3136 960 3195 σωμα
981 3121 1077 3180 τοῦτο
1099 3111 1169 3180 οἷπὸ
1192 3101 1327 3198 παχέος

214 3213 336 3280 λεπτὸν
357 3213 412 3278 καὶ
434 3209 490 3295 όξὺ
513 3212 666 3303 λήγει]·’
653 3218 719 3282 εκεῖ
739 3239 794 3279 και
817 3213 1049 3298 Διότιμος...
1060 3211 1183 3302 ,όκρα
1221 3213 1298 3284 'Ean

214 3319 305 3394 όιτος
326 3316 363 3382 δέ
384 3338 485 3402 φησιν
579 3339 609 3400 q.
633 3338 678 3399 sq.

298 3419 468 3483 Paneiat
436 3420 531 3483 etiam
554 3441 632 3503 epus
654 3428 703 3484 est
690 3420 827 3484 tverbis
849 3420 932 3484 unde
961 3441 1011 3484 res
1033 3421 1134 3502 magia
1157 3421 1311 3486 collocetur
1320 3409 1322 3420 ¹

213 3529 332 3604 aperte.
377 3521 423 3585 Ae
445 3521 525 3584 vel
516 3543 549 3585 m
576 3523 685 3604 primis
713 3520 839 3603 quidem
860 3521 973 3586 Eustat
975 3523 1046 3586 hius
1068 3522 1125 3604 [ad
1146 3521 1238 3592 11.Ξ
1212 3520 1308 3584 ν,2
1299 3515 1316 3566 2

125 3693 128 3696 ,
214 3645 253 3688 ex
275 3622 490 3706 Etymologieo
514 3621 709 3705 Stephanum
732 3631 808 3687 resti
784 3625 959 3688 ttuendum
981 3645 1049 3688 esse
1071 3624 1177 3703 docet,
1201 3627 1228 3688 is
1250 3621 1309 3688 enin

214 3747 286 3790 cum
313 3723 562 3806 ethnieographo
593 3725 694 3788 multa
727 3724 823 3789 habet
809 3725 1031 3789 teommunia
1061 3725 1116 3809 (ef.
1138 3725 1226 3792 vel
1217 3748 1249 3790 nn
1272 3721 1305 3806 pn'

287 3953 320 4017 22)
340 3954 380 4006 Cf.
399 3953 516 4020 Hesyeh.
537 3957 565 4006 et
582 3953 651 4006 Ptin.
674 3954 720 4018 IV,
747 3957 790 4006 22.
811 3955 888 4008 Miill.
913 3957 945 4008 fr.
968 3954 1015 4024 IV,
1041 3959 1101 4012 364.
1126 3955 1163 4011 ef.
1181 3954 1305 4012 etiamEt
1338 4021 1339 4028 ρ

216 4045 277 4108 220,
296 4043 340 4095 33.
361 4045 389 4093 et
407 4041 498 4092 Taetz.
518 4039 585 4092 Chii.
605 4039 678 4106 VIII,
697 4043 757 4094 686.
777 4041 812 4094 ad
831 4041 899 4110 hya
913 4061 937 4096 v·
957 4045 1016 4096 649.
1338 4053 1339 4086 1

287 4128 320 4195 ⁹⁸)
340 4127 455 4180 Prorsus
473 4143 528 4179 non
547 4129 688 4196 perspexit
705 4145 763 4180 rem
782 4128 935 4182 Meinekius
952 4131 1036 4184 anall.
1053 4131 1098 4186 Al.
1116 4149 1141 4200 p.
1162 4133 1205 4184 68.
1223 4133 1262 4198 69,
1276 4127 1304 4196 qni
1338 4189 1339 4194 Ἰ

217 4215 265 4284 qui
282 4214 337 4267 tria
354 4217 489 4266 statueret
506 4215 671 4277 testinnonia,
689 4231 744 4268 non
757 4231 854 4282 unum,
871 4215 945 4270 unda
964 4221 1055 4270 cetera
1073 4218 1205 4290 pendent.
1338 4239 1339 4250 ¹
