2748 4714
597 240 619 330 5.

28 427 181 492 habentur
202 447 261 510 pro
282 425 414 504 duobus,
444 426 511 492 fore
532 399 569 493 ut
601 386 728 494 tandem
751 428 924 511 aliquando
953 430 1133 498 coalescant
1160 433 1192 498 in

28 551 122 601 uuum
145 547 245 614 spero.
287 531 394 611 Atque
414 529 477 595 iam
500 530 686 596 accedamus
708 530 749 596 ad
772 552 846 596 rem.

110 649 184 715 Tria
205 654 308 714 autem
332 648 482 726 locorum,
506 669 584 734 quos
600 651 784 717 tractandos
797 651 874 717 mihi
889 654 1053 736 proposui,
1077 674 1193 737 genera

27 754 170 818 dividam.
207 753 345 830 Quorum
361 751 497 833 primum
519 771 573 816 eos
600 754 750 832 continet,
774 754 828 836 qui
850 754 891 818 ad
913 755 1042 820 verbum
1065 754 1130 820 fere
1151 753 1193 819 ab
1290 785 1292 790 ·

27 855 212 939 Etymologo
245 873 262 918 e
291 852 452 937 Stephano
483 855 682 938 transscripti
714 861 802 933 sunt,
836 855 948 922 deinde
981 876 1034 921 eos
1064 857 1118 939 qui
1151 855 1192 920 ab

26 956 133 1023 codem
160 954 322 1039 compilati
350 960 424 1022 sunt
451 956 505 1034 ita,
534 960 570 1020 ut
602 957 726 1040 saepius
756 959 913 1025 sententia
937 979 1044 1023 eorum
1065 957 1098 1021 in
1122 959 1192 1022 uni-

5 1051 148 1124 ¹versum
176 1063 300 1123 tantum
332 1077 482 1146 expressa
503 1057 552 1122 sit.
597 1057 740 1124 Alterum
762 1081 862 1144 genus
885 1081 991 1126 eorum
1020 1066 1080 1137 est,
1112 1080 1192 1143 quos

25 1160 228 1248 Etymologus
260 1151 419 1224 uberiores
446 1157 577 1241 praebet
598 1180 700 1242 quam
729 1161 909 1244 Stephanus
938 1162 992 1245 qui
1021 1183 1104 1226 nunc
1134 1165 1191 1224 aet.

23 1263 132 1345 Neque
152 1263 185 1326 in
209 1263 258 1325 his
279 1260 366 1335 locis,
388 1259 420 1324 id
443 1259 527 1342 quod
551 1264 597 1325 vel
618 1263 650 1326 in
665 1263 776 1345 primis
791 1263 927 1347 spectari
943 1263 1044 1341 debet,
1068 1263 1190 1338 desunt,

24 1366 170 1447 quicum
195 1363 296 1427 multa
318 1361 368 1426 vel
390 1360 544 1426 nonnulla
571 1363 745 1443 praebeant
772 1365 935 1442 uberiora,
962 1369 1068 1429 tamen
1097 1365 1191 1427 etiam

23 1466 135 1530 ceteris
168 1464 276 1542 rebus,
310 1484 391 1546 quae
419 1463 452 1526 in
466 1507 468 1514 ι
481 1461 642 1545 Stephano
675 1465 877 1530 inveniuntur
903 1471 1049 1542 careant,
1082 1465 1128 1529 ita
1156 1469 1191 1529 ut

23 1565 233 1650 Etymologici
261 1568 419 1628 auctorem
451 1562 673 1646 compilantem
701 1566 952 1651 alia,'reoepisse
973 1566 1049 1643 alia,
1077 1566 1191 1649 quibus

23 1690 87 1733 non
110 1689 177 1734 esse
198 1686 277 1750 opus
300 1665 464 1744 credebat,
497 1666 636 1730 omisisse
669 1687 902 1750 cognoscamus.
945 1669 1050 1733 Tertio
1080 1667 1192 1731 deinde

21 1771 95 1836 loco
122 1789 175 1833 eos
196 1769 360 1852 ponendos
382 1789 449 1833 esse
471 1767 629 1845 existimo,
653 1768 692 1832 de
714 1769 921 1851 quibuscum
944 1790 1008 1835 non
1030 1768 1136 1834 omnia
1157 1768 1190 1832 in

18 1879 133 1956 aperto
154 1871 218 1937 sint
239 1868 383 1953 pluribus
403 1869 626 1953 disputandum
649 1891 717 1935 esse
738 1873 923 1954 putaverim.
1015 1943 1017 1948 ,

106 1989 252 2056 Transire
282 1989 379 2072 igitur
410 1986 535 2070 placeat
566 1988 607 2052 ad
638 1989 775 2071 primum
798 1991 955 2068 ordinem,
993 1990 1119 2072 dequo
1143 1989 1189 2053 ita

19 2115 129 2177 agam,
150 2098 187 2157 ut
208 2091 270 2155 tria
292 2110 476 2172 componam
499 2089 659 2171 exempla,
681 2091 734 2156 ubi
756 2091 951 2174 Stephanum
973 2092 1125 2156 habemus
1147 2089 1188 2154 ab

19 2194 211 2279 Etymologo
231 2191 484 2274 transscriptum,
508 2196 683 2255 ceterorum
706 2191 819 2257 deinde
839 2193 989 2271 locorum,
1013 2214 1091 2275 quos
1106 2192 1187 2257 idem

19 2293 215 2378 compilavit,
237 2293 363 2356 nomina
386 2296 508 2355 tantum
532 2291 676 2356 indicem.

107 2413 310 2496 Exscriptum
324 2391 397 2477 ¹esse
420 2409 615 2493 Stephanum
640 2409 717 2476 haec
739 2411 832 2476 docet
853 2413 1054 2497 compositio:

37 2551 363 2636 StephanusByz.
381 2546 435 2616 ed.
452 2547 561 2614 Mein.
626 2545 662 2610 E.
687 2547 729 2612 M.
759 2549 813 2613 ed.
836 2548 954 2614 Gaisi.
984 2571 1015 2632 p.
1037 2549 1110 2625 437,
1136 2549 1189 2613 44.

53 2669 213 2755 Ἥραια.
265 2663 348 2750 «liupo
379 2664 464 2732 ούτιο
495 2668 585 2749 layo·
672 2662 823 2750 Ἡραία.
868 2659 953 2750 circa
984 2664 1068 2734 ούτω
1099 2669 1190 2751 λεγο·

15 2779 100 2861 μένη
137 2768 330 2854 καταντικρύ
364 2764 584 2856 Καλχηδόνος.
627 2767 708 2856 μένη
745 2767 938 2854 καταντικρύ
970 2766 1188 2856 Χαλκηδόνος.

16 2878 140 2962 ταύτην
163 2869 193 2939 d'
214 2871 247 2938 ἐν
272 2877 312 2959 τῇ
334 2868 492 2958 συνηθείᾳ
511 2866 584 2937 ’He-
626 2866 743 2957 ταύτην
765 2872 871 2954 [codd.
894 2868 1008 2957 αὐτὴν]
1032 2872 1069 2937 δὲ
1095 2869 1129 2937 ἐν
1149 2876 1190 2957 τῇ

16 2977 93 3062 ρίαν
114 2972 199 3060 φασί
220 2997 314 3052 τινες,
335 2979 451 3051 κακῶς.
489 2968 584 3038 ύλλοι
628 2968 786 3059 συνηθείᾳ
805 2967 936 3055 Ἠερίαν
957 2971 1050 3059 φασί,
1072 2979 1188 3049 κακῶς.

16 3081 57 3148 δὲ
83 3076 204 3160 ’Ἠριον
245 3080 508 3158 μυθοποιούντες
544 3071 588 3152 ὡς
630 3069 725 3140 ἄλλοι
747 3070 914 3157 δὲ’Ήριον
927 3081 1190 3158 μοθοποιοῦντις

15 3185 127 3253 ἐκεῖσε
145 3175 314 3263 ὀρύξαντες
327 3172 454 3262 τάφους
465 3173 583 3260 χύτρας
626 3172 671 3254 ὥς
713 3175 818 3243 ἐκεῖσε
860 3170 1029 3262 ὀρύξαντες
1065 3174 1190 3262 τάφους

14 3277 113 3368 εὗρον
142 3279 198 3346 καί
225 3273 318 3344 duod.
365 3277 518 3344 πειστέον
549 3275 584 3343 δὲ
626 3275 742 3359 χύτρος
774 3268 866 3362 εύρον
892 3276 947 3343 καί
981 3271 1073 3345 ὀστᾶ,
1116 3302 1190 3344 πει-

12 3387 146 3472 μᾶλλον
164 3388 211 3470 τῷ
228 3385 362 3466 Βιθυνιῖ
375 3379 586 3466 Appendices
630 3380 725 3445 ατέον
756 3380 791 3445 δὲ
821 3380 947 3463 μᾶλλον
978 3387 1025 3467 τῷ
1056 3385 1190 3466 Βιθυνῷ

13 3491 53 3556 ἐν
74 3491 122 3572 τη”
143 3479 172 3556 d'
180 3490 208 3563 ⁴)
230 3479 358 3569 βιβλίῳ.
626 3479 838 3568 Δημοσθένει
860 3481 894 3548 ἐν
915 3488 962 3570 τῷ
983 3476 1012 3548 δ’
1034 3480 1163 3568 βιβλίῳ.

62 3586 135 3656 ἔστι
150 3588 267 3670 sidus]
288 3580 500 3670 προπάροιθε
515 3583 587 3647 κλυ-
672 3579 743 3648 ἔστι
783 3582 938 3672 educe]
978 3581 1191 3668 προπάροιθι

33 3745 221 3758 ...-.---.--

92 3833 114 3902 ⁴)
135 3832 224 3888 (lodic.
252 3829 399 3883 lectionem
426 3824 464 3878 ιδ’
482 3827 602 3881 correxit
627 3825 712 3879 Mein.
741 3842 774 3878 ex
802 3825 832 3878 li.
852 3825 902 3888 M,
929 3826 976 3878 ubi
1001 3827 1128 3881 Gaieford
1157 3845 1191 3881 ex

13 3921 162 3991 Stephano
180 3917 298 3972 mutarit
315 3911 361 3970 ιδ’.

89 4025 112 4086 ‘t
131 4022 262 4077 Fueritnc
290 4037 331 4078 τις
352 4019 380 4072 in
400 4017 431 4071 E.
453 4017 489 4070 M.
515 4035 547 4072 ex
566 4016 714 4071 Gaiefordii
744 4019 879 4084 apparatu
906 4016 1002 4071 critico
1028 4017 1075 4072 vix
1101 4022 1193 4086 potest

13 4113 125 4183 colligi,
143 4110 191 4165 sed
210 4107 282 4178 quod
301 4107 378 4159 uncis
396 4122 490 4158 vocem
510 4103 629 4170 inclusit,
652 4103 725 4159 effici
743 4101 853 4158 uidetur
870 4107 902 4158 ut
919 4121 973 4158 non
988 4104 1099 4174 legerit,
1119 4105 1191 4158 unde

11 4201 86 4256 satie
107 4199 237 4254 accurate
255 4191 423 4262 Stephanum
442 4191 610 4261 descriptum
629 4207 688 4245 esse
706 4191 791 4259 patet.
