2748 4714
222 357 442 446 Χρυσόπολις.
479 364 642 431 Aooedunt
663 365 776 432 deinde
797 364 839 431 ad
860 367 918 434 has
940 367 1033 434 iexioi
1048 365 1265 434 Geiaiordiani
1283 386 1335 462 oq

221 484 266 542 ea,
290 485 371 546 qnae
393 468 426 530 in
448 467 588 536 (humeri
603 468 775 534 Aneodotis
789 468 939 536 Parisinis
953 469 1028 552 (vol.
1043 468 1102 552 IV)
1123 469 1336 554 investigavit

221 563 277 628 His
308 568 390 632 enim
424 568 482 634 sub
504 570 631 635 vocibus
656 570 852 654 Stephanum
881 570 1033 636 hahemus
1062 577 1265 653 excerptum:
1298 594 1325 655 p

216 657 370 749 Ἀγαθία.
413 693 444 753 p.
471 672 513 735 99
545 667 669 758 Λὶανή.
717 694 748 756 p.
782 673 841 736 loo
875 665 1039 754 Λῖβουρα.
1081 695 1112 755 p.
1145 673 1202 740 101
1236 562 1339 810 Aioi

219 789 251 850 p.
274 770 335 834 1Οό
352 762 576 856 Ἀκράγαντος.
621 797 651 858 p.
678 775 736 839 108
753 768 972 856 Ἀλάβαστρα.
1011 767 1203 855 Ἀλάβανδα.
1337 814 1340 888 Ι

306 890 373 954 Hos
402 890 498 958 habui
533 914 612 977 quos
641 891 786 958 afferrem
814 893 914 971 loeos,
949 913 1082 975 quorum
1107 911 1259 958 numerus
1284 889 1341 990 app1

99 1013 101 1018 ¹
221 989 355 1056 fortasse
383 1000 486 1075 potest
515 995 569 1059 sed
599 994 687 1060 nullo
720 995 793 1059 inde
824 1016 883 1059 usu
911 991 1124 1073 redundante;
1153 993 1217 1058 iam
1251 998 1342 1086 tram

219 1090 346 1173 plaoeat
377 1095 417 1161 ad
449 1118 503 1162 eas
533 1117 639 1174 rocos,
670 1117 751 1178 quae
782 1117 853 1162 eum
883 1094 936 1162 hio
962 1093 1029 1160 illio
1056 1094 1142 1179 apud
1163 1093 1322 1178 Etymolo

219 1193 420 1262 inveniantur
448 1197 608 1262 uberiores
628 1197 670 1262 ad
692 1198 885 1280 Stephanum
913 1197 1090 1280 augendum
1120 1197 1323 1280 permultum
1343 1229 1345 1290 χ

221 1295 318 1360 ciunt.
361 1298 420 1364 Est
445 1305 566 1375 autem,
588 1306 636 1368 *ut
657 1319 754 1384 supra
775 1301 835 1362 iam
859 1297 939 1376 dixi,
972 1298 1085 1364 horum
1107 1298 1246 1363 locorum
1270 1293 1346 1384 dup]

221 1398 372 1463 conditio:
396 1400 598 1468 inveniuntur
619 1402 703 1466 enim
725 1401 816 1483 eique
838 1402 940 1483 pauoi,
965 1401 1020 1483 qui
1041 1400 1074 1464 in
1096 1399 1278 1466 universum
1298 1399 1347 1482 pli

219 1500 392 1582 praebeant
409 1523 503 1585 quam
526 1502 808 1586 ethnioographus,
839 1503 951 1568 deinde
970 1502 1066 1568 etiam
1089 1508 1177 1579 sunt,
1208 1501 1266 1583 qui
1293 1523 1348 1570 mu

221 1601 392 1668 exhibeant
413 1603 560 1674 uberiora
581 1605 635 1670 sed
658 1605 741 1670 haud
765 1625 869 1688 pauca
888 1606 922 1669 in
949 1605 1073 1671 brevius
1099 1604 1325 1670 contraxerint
1348 1623 1349 1650 t

220 1725 349 1787 prorsus
381 1706 550 1772 omiserint
594 1705 765 1789 Utriusque
791 1707 888 1789 igitur
915 1707 1037 1790 generis
1069 1706 1213 1789 exempla
1246 1705 1350 1772 affere

221 1828 284 1890 quo
317 1808 402 1872 faeta
431 1807 572 1890 singulas
594 1807 746 1890 Stephani
775 1829 866 1872 voees
894 1813 927 1872 et
947 1828 985 1872 ea
1006 1807 1199 1885 testimonia,
1233 1829 1325 1890 quae

220 1907 437 1992 Etymologico
471 1901 565 1974 aucta
596 1908 701 1975 adhuc
736 1930 798 1973 non
833 1929 901 1974 esse
933 1909 1033 1987 video,
1066 1909 1176 1974 ordine
1198 1929 1353 1992 componi

219 2010 308 2076 noris
329 2009 391 2074 iilis
413 2031 495 2092 quae
515 2011 670 2078 secedunt
684 2010 908 2076 additamentis
922 2011 1093 2093 integriora
1113 2010 1247 2076 reddita.
1285 2011 1354 2086 Mn

220 2117 327 2178 eutem
356 2133 428 2177 eum
456 2113 633 2190 Berkelius,
675 2111 872 2188 Holstenius,
911 2111 966 2178 alii
999 2113 1061 2176 iam
1095 2113 1355 2182 animadverterit

218 2234 320 2296 neque
350 2218 466 2291 tamen,
498 2215 673 2280 litterarum
697 2215 795 2298 oopiis
826 2218 862 2279 ut
893 2219 985 2280 erant
1017 2213 1168 2291 destituti,
1197 2219 1356 2282 totamm

218 2314 343 2398 penitus
364 2317 576 2400 cognoverint,
598 2317 665 2400 ipse
687 2316 772 2382 haud
793 2336 895 2400 pauca
918 2337 967 2380 me
990 2315 1187 2398 prolaturum
1215 2337 1286 2382 esse
1305 2340 1357 2384 no

218 2416 353 2484 confido.

304 2539 349 2602 ho
371 2539 506 2621 primum
529 2538 665 2621 quidem,
687 2543 840 2619 utsupra
862 2537 931 2614 ieci,
954 2538 1017 2602 tria
1031 2559 1217 2621 componam
1232 2541 1357 2621 exemp

218 2639 274 2705 ubi
296 2639 500 2724 Etymologus
528 2640 561 2705 in
583 2638 763 2704 universum
795 2639 888 2721 plura
916 2659 1011 2721 quam
1027 2638 1214 2722 Stephanus
1237 2641 1357 2719 praebe

218 2742 437 2825 perspioiatur.

220 2895 445 2981 Stephanus
475 2894 534 2980 (cs.
558 2893 712 2960 Berkel.
743 2900 781 2958 et
863 2847 865 2850 Ι

402 2997 593 3082 Holsten.)
895 2995 931 3059 Ε.
954 2993 995 3062 M.
1019 2996 1063 3061 ei.
1088 2994 1180 3060 Mill.
1204 3018 1234 3078 p.
1257 2997 1311 3062 68.

252 3111 418 3200 ‘'Ei-ovem,
466 3113 630 3181 Σκυθικὸν
674 3112 780 3195 ἔθνος,
863 3111 1080 3198 Ἕλουροςῑῆ·
1118 3107 1244 3180 εὐθεῖα.
1300 3111 1357 3196 „oh

220 3217 296 3302 περὶ
318 3207 365 3282 ὧν
381 3217 600 3299 Δέξιππος
622 3215 659 3282 ἐν
687 3241 782 3300 xpo·
826 3222 891 3281 τῶν
919 3215 1024 3283 ἐκεῖσε
1057 3211 1310 3300 ἓλῶνἛλουροι
1341 3245 1357 3283 a

218 3324 343 3386 νικῶν
372 3317 430 3404 ιβ.
825 3321 989 3406 κληνταιίί.
1027 3317 1240 3400 Δέξιππος
1262 3316 1303 3384 ἐν
1322 3322 1357 3386 d<

826 3419 1206 3508 ὄεκᾶτῳΧρυνικῶν.
1230 3420 1301 3504 [καὶ
1318 3446 1357 3508 γρ

825 3546 922 3608 pavor
945 3522 1000 3588 ded
1024 3527 1084 3588 τοῦ
1106 3529 1120 3588 ἰ
1142 3523 1254 3604 ψιλοῦ.
1293 3521 1333 3588 τὸ

826 3625 906 3712 ζῷον
928 3621 1133 3711 δίφθογγον]

305 3782 404 3857 Quam
432 3780 472 3844 ad
503 3780 752 3844 testimoniorum
785 3779 1020 3844 similitudinem
1043 3778 1165 3844 aceedit
1186 3780 1280 3844 etiam
1305 3802 1357 3863 qur

219 3905 290 3949 oum
312 3881 447 3966 Dexippi
470 3876 616 3965 Xpovrmi
645 3883 834 3966 compluries
863 3881 1033 3946 laudentur
1062 3901 1082 3944 a
1111 3879 1286 3962 Stephano,
1311 3880 1357 3966 Et

290 4149 323 4217 ¹⁸)
338 4147 399 4205 Non
418 4147 541 4201 enotavit
558 4144 715 4215 Etymologi
734 4143 920 4198 testimonium
942 4143 1016 4196 moll.
1038 4142 1070 4196 ir.
1090 4144 1138 4205 111,
1158 4145 1218 4197 672.
1254 4147 1280 4198 8.
