2748 4714
759 226 802 290 40

197 416 355 480 interioris
377 413 581 490 marcenae,
605 420 673 479 tum
697 414 844 496 quoniam
868 413 906 477 de
922 411 995 476 libri
1010 411 1053 476 VI
1075 413 1182 496 oppidi
1201 409 1355 496 Hylluals

197 518 259 582 situ
282 516 360 580 nihil
388 515 539 580 habemus
570 523 781 599 compertum.
815 515 855 579 ab
877 513 1033 578 Idriade
1056 514 1115 596 [VI
1137 515 1175 579 fr.
1200 517 1235 597 8]
1256 515 1355 579 rradu

198 620 298 683 einrur
325 619 366 683 ad
382 619 576 683 Areonesum
601 639 702 700 prope
717 617 976 681 Halicarnassum
993 617 1085 680 sitam
1096 617 1225 700 [Strabo
1234 639 1262 699 p.
1284 617 1355 681 656

198 720 270 784 libri
293 720 337 784 lx
360 725 464 784 autern
494 719 521 784 si
543 720 714 802 premimus
736 719 868 800 vestigia
888 717 1013 782 Tabas
1040 705 1255 800 pervenimus,
1286 719 1355 782 decl

198 842 268 885 mus
298 821 410 884 deinde
439 821 526 885 duell
554 841 612 885 nos
634 819 823 884 Naroessum
847 820 982 901 regionis
1004 820 1150 886 inseriae.
1195 819 1355 900 Poslqnar

199 923 334 1003 deniqne
364 920 406 984 IV
440 921 547 998 libris,
581 923 635 1004 qui
668 923 870 999 interierunt,
909 922 1080 985 interiectis
1115 922 1156 986 ad
1190 922 1355 1004 Harpasos

198 1023 313 1088 flumen
335 1022 438 1088 Tabas
460 1024 546 1106 ipsas
567 1019 793 1104 praeterfluens
815 1021 960 1104 perducti
982 1043 1105 1102 sumus,
1129 1024 1167 1086 'in
1190 1022 1274 1086 libro
1299 1019 1355 1084 XV

198 1126 372 1190 invenimus
393 1124 563 1207 Laginam,
585 1123 677 1187 XVII
699 1123 884 1200 Euromum,
913 1121 1018 1187 XVlll
1040 1120 1157 1188 Χωλὸν
1179 1127 1306 1202 τεῖχος,
1332 1124 1355 1186 ir

199 1233 235 1292 ul
257 1247 321 1308 qua
342 1226 471 1291 tandem
490 1227 541 1289 via
563 1225 781 1289 incesserimus
804 1232 888 1289 eerle
908 1245 972 1289 non
995 1232 1113 1307 puteat.
1151 1225 1244 1290 Unde
1267 1225 1355 1289 evadl

199 1327 343 1410 quamuis
371 1326 472 1392 multa
501 1327 679 1410 fragmenta
706 1328 775 1390 sine
803 1327 931 1391 nomine
956 1349 994 1392 ae
1016 1315 1088 1392 sede
1110 1329 1252 1392 errantia
1276 1325 1355 1409 Apol

200 1429 285 1492 lonio
316 1427 474 1492 vindicare
502 1431 660 1512 possimus
688 1433 794 1492 temen
825 1447 883 1491 nos
912 1427 950 1492 de
978 1451 1083 1492 rerum
1104 1429 1223 1507 lordine
1254 1425 1355 1491 consti

199 1529 317 1594 tuendo
341 1530 470 1594 summis
494 1532 610 1594 versari
632 1530 664 1594 in
687 1529 849 1614 angustiis.

286 1629 475 1712 Fragmenta
496 1631 693 1714 etvpluribus
716 1631 882 1696 tractanda
905 1636 937 1694 et
959 1631 1046 1693 novis
1063 1629 1211 1695 subsidiis
1226 1629 1355 1714 augendi

201 1737 274 1795 sunt
296 1731 389 1796 haser

705 1884 822 1951 Liber
843 1883 866 1950 L

168 2109 172 2116 ’
286 2105 335 2180 st,
358 2105 441 2189 Byz.
491 2099 705 2188 Κουρόντολις,
727 2101 828 2182 πόλις
853 2098 985 2184 Καρίας.
1023 2099 1251 2181 Ἀπολλώνιος
1270 2109 1355 2184 Καρι

203 2209 270 2269 κῶν
292 2200 423 2290 ντριότηι.
466 2203 518 2288 [τό
541 2204 675 2272 ἕδνικὸν
697 2206 971 2289 Κουροιιολῖται]

289 2308 336 2372 De
364 2307 473 2391 oppidi
502 2309 629 2390 regione
659 2310 785 2373 omnino
813 2329 876 2372 uon
899 2313 1033 2372 constat.
1078 2306 1248 2373 Miillerum
1270 2329 1355 2373 erron

204 2415 315 2490 aperto
338 2409 432 2474 etiem
454 2408 492 2474 fr.
517 2412 537 2474 8
565 2411 606 2475 ad
631 2406 839 2491 Κουρόιτολιν
866 2408 1001 2472 traxisse
1028 2430 1067 2472 ex
1090 2409 1238 2474 Meinekii
1270 2431 1355 2475 emen

205 2511 332 2574 datione
355 2531 378 2574 s.
398 2532 426 2574 τ.
451 2508 635 2594 Χρυσαορίς
655 2511 768 2576 evadit.

733 2665 768 2738 L·
789 2665 842 2730 1-v.

774 2783 803 2846 2.

290 2881 340 2946 st.
363 2881 449 2967 Byz.
500 2878 673 2965 Βάργασα,
705 2881 806 2961 πόλις
839 2881 979 2964 Καρίας,
1014 2879 1085 2950 άπὸ
1117 2881 1289 2968 Βαργάσου
1314 2883 1355 2944 roi

205 2977 276 3048 υίοῦ
298 2979 426 3068 Βάργης
447 2981 502 3048 καὶ
521 2977 727 3064 Ἡρακλέους,
751 2974 788 3049 όν
811 2981 924 3064 ἐδίωξε
945 2988 1068 3066 Λάμος
1094 2982 1111 3051 ὁ
1133 2979 1298 3072 Ὀμφάλης
1316 2973 1355 3046 καί

203 3080 413 3167 Ἡρακλέους,
444 3081 490 3163 ῶς
512 3077 732 3161 Ἀπολλώνιος
763 3089 915 3170 Καρικῶν
948 3083 1102 3172 τετάρτῳ.
1156 3086 1208 3170 [τὸ
1243 3075 1355 3153 &sivardi

207 3179 425 3272 Βαργασηνός,
448 3183 492 3264 ῶς
514 3182 614 3263 αὐτὸς
632 3181 857 3272 ἑκκαιδεκάτῳ,
880 3183 924 3264 ῶς
939 3182 1084 3253 Ἔδεσσα
1105 3182 1295 3275 Ἐδεσσηνός
1314 3183 1355 3266 υ]

283 3417 379 3508 Ὕδη,
416 3419 517 3499 πόλις
546 3419 692 3502 Λυδίας,
730 3421 764 3489 ἐν
794 3409 816 3512 ᾗ
849 3417 925 3509 ᾤκει
953 3418 1104 3511 Ὀμφάλη
1138 3424 1351 3492 δυναστεύουσα

206 3524 342 3600 Λυδῶν,
364 3517 531 3605 Ἰαρδάνου
554 3522 712 3611 θυγάτηρ,
743 3521 787 3601 ῶς
803 3520 1028 3604 Ἀιτολλιόνιος
1050 3532 1203 3612 Καρικῶν
1225 3523 1351 3609 τετάρτῳ,

294 3625 476 3691 Produntur
504 3628 671 3693 memoriae
701 3627 828 3693 fabulae
858 3649 934 3693 sane
954 3630 1052 3693 mirae
1074 3643 1178 3713 neque
1201 3638 1291 3698 nolae
1308 3626 1350 3690 ali·

208 3728 307 3804 unde;
338 3727 483 3793 Herculis
512 3729 593 3793 enim
627 3729 666 3793 de
694 3727 762 3794 filio
789 3729 946 3812 Bargaso‚
979 3751 1000 3794 a
1021 3731 1120 3796 Lamo
1142 3731 1305 3816 Omphales
1329 3731 1350 3789 el

209 3828 352 3893 Herculis
374 3834 450 3894 nalo
472 3830 505 3892 in
528 3829 655 3894 exilium
677 3830 771 3913 pulso
793 3831 873 3895 alias
895 3832 1020 3896 'frustra
1041 3833 1242 3914 quaesiveris.
1281 3819 1355 3900 Luni

207 3935 311 3993 aulem
335 3931 430 3995 eliam
452 3927 542 4013 apud
560 3930 652 3994 Diod.
675 3931 727 4008 IV,
751 3931 802 4008 31,
825 3933 897 4018 8⁶1)
919 3931 955 3996 fit
977 3933 1108 4011 mentio,
1136 3939 1171 3999 at
1192 3935 1270 3999 alter
1289 3930 1355 4018 Hor-j

274 4082 308 4149 Ἰ)
327 4084 367 4136 Cf.
380 4087 431 4136 eei.
444 4081 571 4138 Sierolm:
589 4084 641 4138 Die
658 4085 795 4154 mythogr.
809 4085 922 4152 Quellen
941 4085 985 4138 fiir
997 4085 1114 4140 Diodoro
1133 4089 1158 4139 3.
1176 4089 1235 4143 und
1251 4091 1275 4142 l.
1286 4080 1344 4138 Euol-

206 4186 234 4239 p.
252 4170 364 4222 22-24.
