2748 4714
783 193 805 258 6

207 387 265 469 τῆς
289 377 496 468 Καλχηδόνος
525 374 605 466 δ’κρη
625 375 774 464 ΙἭραια,
818 417 835 427 -
851 417 868 427 -
884 417 901 428 -
924 379 1047 444 omissis
1070 377 1216 444 versibus
1242 383 1322 444 tert

207 489 367 568 τροχοῦσα
394 477 618 562 πολυοπιλός·
653 479 773 547 ἔνδοθι
815 488 939 564 quarto.

208 580 237 651 δ’
269 581 369 672 αὐτῆς
388 587 393 668 Ι
412 581 540 649 λαΐνεον
572 579 649 667 περὶ
671 585 777 664 τεῖχος

208 681 268 750 ἰών
285 683 486 752 κοιλαίνεται
505 679 585 750 είσω
607 722 622 734 -
636 721 651 734 -
668 722 683 734 -
704 705 735 767 q.
752 705 775 748 s.

293 806 399 871 Verba
420 805 533 871 deinde
555 803 666 870 ordine
687 803 796 887 paullo
818 803 883 869 alio
905 802 1065 870 collocant
1086 811 1230 869 ceterum
1257 825 1323 868 ean

210 907 401 972 sententiam
423 907 574 973 exhibent
595 906 689 971 haee:

258 1025 388 1109 Steph.
412 1026 473 1110 (es.
495 1025 603 1090 Mein.
625 1027 725 1107 ann.)
881 1024 916 1088 R
940 1024 982 1089 M.
1004 1046 1035 1107 p.
1058 1027 1133 1103 210,
1155 1026 1198 1090 21
1226 1023 1324 1087 Gaist

258 1123 463 1209 Βουθρωτός,
485 1131 582 1212 νῆσος
597 1123 675 1208 περὶ
689 1123 774 1207 Κίρ·
871 1124 1064 1208 Βουτρωτδς
1106 1119 1127 1213 ἢ
1166 1129 1325 1208 Βουθρω

210 1252 316 1312 κυραν.
350 1225 421 1294 ἔστι
436 1227 491 1293 καί
508 1227 617 1304 πόλις.
649 1225 774 1314 ἐκλήθη
818 1222 918 1304 πόλις
939 1233 998 1314 τῆς
1021 1221 1194 1310 Ἠπείρου,
1231 1223 1281 1304 τός
1315 1251 1325 1312 ι

211 1322 240 1394 δ’
263 1326 295 1393 οὶ
317 1330 377 1412 μέν
399 1352 502 1416 φασιν
523 1327 670 1394 ἀπὸτοῦ
692 1324 777 1395 οίκι-
822 1333 960 1410 Τεῦκρος
981 1325 1204 1415 δΚυζικηνός.
1240 1325 1325 1393 e'u‘.

211 1432 306 1511 στοῦ,
350 1425 385 1494 οἳ
418 1430 454 1498 δὲ
487 1434 687 1514 μυθεύονται
723 1426 776 1496 ότι
818 1453 875 1494 νου
907 1427 943 1495 ἐκ
970 1435 1028 1516 τῆς
1056 1430 1220 1514 πατρίδος
1250 1425 1302 1507 εἷς

211 1528 345 1618 ,,Ἓλένῳ
366 1530 402 1596 ἐκ
419 1528 536 1619 Τροίης
557 1529 704 1598 πλώοντι
722 1523 774 1597 ἐπ’
789 1525 975 1616 οἪπειρον
996 1533 1265 1616 παραγενομένου
1289 1537 1326 1596 θι

210 1628 361 1720 ἑσπέρην,
390 1631 534 1700 θύσαντι
565 1629 777 1720 ἀποβατήρια
819 1655 876 1710 τος
906 1633 943 1700 δὲ
973 1635 1106 1717 [οοδ.Ι’
1138 1640 1171 1698 et
1196 1634 1323 1699 Milleri

211 1733 244 1800 ἐν
264 1728 419 1822 Ἠπείρῳ·
444 1735 497 1820 [τὸ
526 1741 618 1819 θῦμα
646 1735 776 1802 seclusit
819 1727 1030 1822 όποβατήρια
1050 1736 1157 1820 [οοδδ.
1171 1731 1327 1821 ἐπιβατήι

211 1837 321 1921 Mein.]
344 1834 362 1922 ἡ
378 1843 458 1921 βοῦς
472 1833 650 1920 ἀποδρᾶσα
666 1837 702 1902 ἐκ
717 1841 775 1902 τοῦ
816 1832 835 1923 ἡ
851 1842 930 1920 βοῦς
950 1833 988 1902 οῦ
1000 1835 1128 1921 καιρίαν
1142 1838 1294 1921 λαβοῦσα
1310 1865 1327 1902 π

209 1939 397 2024 βουπλῆγος
419 1933 519 2025 ᾤχετο
536 1935 699 2026 φεύγουσα
719 1939 775 2004 διὰ
818 1936 876 2025 μην
890 1941 958 2022 [sie.
976 1941 1011 2004 V.
1029 1941 1125 2006 ceteri
1145 1937 1263 2026 τομὴν]
1280 1963 1327 2025 φε

210 2044 269 2104 τοῦ
289 2038 410 2122 μεταξὺ
432 2037 556 2106 πόντου
578 2036 874 2119 &petundi-101&
895 2036 1022 2107 κόλπον
1050 2039 1124 2107 τινὰ
1150 2046 1209 2128 τῆς
1229 2037 1328 2108 Ἠπει

211 2164 276 2206 πον
298 2140 353 2206 καὶ
377 2140 410 2220 ἒς
434 2139 493 2230 τὴν
512 2150 626 2226 χέρσον
649 2141 779 2226 ἐμβᾶσα
822 2140 1035 2230 διανηξαμένη
1063 2139 1110 2221 οἷς
1140 2148 1198 2231 γῆν
1227 2141 1328 2228 ε’ξέρχι

211 2242 281 2328 (καὶ
311 2243 371 2327 γὰρ
401 2249 515 2328 τρῶμα
548 2243 581 2311 δν
612 2250 653 2333 τῇ
690 2246 779 2334 δειρῇ
822 2242 878 2310 καὶ
898 2249 1132 2312 καταπεσοῦσα
1153 2239 1328 2312 ἀπέθανεν

211 2338 308 2430 εἶχεν)
338 2342 437 2414 αι’τοῦ
466 2341 564 2434 ἤριπε
593 2345 648 2412 καί
678 2343 779 2414 ἔδυνε
821 2347 858 2412 δὲ
872 2343 1003 2426 Ἕλενος
1024 2345 1179 2434 συμβόλῳ
1204 2345 1329 2434 &cipp

211 2446 267 2512 καὶ
289 2444 437 2534 κλεηδόνι
460 2444 478 2515 ὁ
501 2444 633 2528 Ἕλενος
653 2448 780 2533 χρὲεται
824 2445 963 2531 σόμενος
985 2446 1085 2529 κτίζιι
1107 2445 1213 2516 πόλιν.
1246 2449 1329 2516 καὶι

211 2550 265 2614 ἵνα
277 2546 407 2634 itique&
420 2546 881 2633 Bovvareivoiivope“.1ssesi
904 2548 1090 2635 ουμβοίντος
1113 2551 1306 2637 Βουτριυτόν

213 2647 257 2729 ὥς
289 2673 371 2738 φησι
406 2639 577 2733 Τεῦκρος
607 2648 625 2718 δ
651 2653 778 2733 Κυζι-
822 2651 880 2742 τὴν
898 2649 1060 2734 Ιιῦνόμασε.
1095 2651 1134 2720 τὸ
1156 2651 1329 2720 ἐθνικδνῦ

213 2750 340 2839 κηνός.
385 2751 423 2819 τὸ
455 2752 590 2822 ἐθνικὸν
619 2751 779 2838 Βουδριό-
823 2752 1014 2840 θρώτιοςΙ).

213 2877 292 2932 τιος.
347 2855 504 2934 Λέπιδος
540 2856 577 2922 δέ
611 2879 693 2943 φησι
726 2854 782 2922 διδ

213 2961 271 3021 τοῦ
292 2967 312 3021 i
333 2955 549 3041 Βουτροίτιος.

266 3063 370 3114 δυοπ.
388 3056 489 3114 etms
504 3078 541 3116 τε.
594 3063 714 3118 sMein.
731 3062 780 3118 du·

213 3147 337 3200 bitenter
354 3143 432 3200 ῦπέκ.
496 3150 526 3201 ΙΙ
546 3148 651 3216 ἐκβᾶσα
663 3151 779 3220 corrigit

214 3234 325 3288 Wilem.
397 3238 430 3290 14
450 3235 543 3289 deesse
563 3236 683 3304 aliquem
701 3235 778 3290 urbis

214 3322 343 3375 conditae
375 3321 542 3377 mentionem
568 3327 663 3378 monet
695 3323 781 3377 wila·

216 3407 336 3462 mewitz.

214 3501 419 3512 m-

188 3552 193 3560 '
284 3548 305 3614 Ι)
326 3547 448 3602 Oonieeit
468 3547 606 3602 Meineke:
629 3544 779 3618 χρεόμενος
796 3549 878 3610 κτίζει
896 3546 978 3602 πόλιν
995 3553 1028 3622 τῇ
1046 3550 1128 3614 ἔθηκε
1147 3550 1225 3604 nimis
1243 3568 1329 3606 senei

214 3636 304 3690 lenter
322 3635 368 3687 tva
386 3636 461 3689 voeis
478 3634 506 3690 ri
525 3633 637 3689 omnino
654 3634 783 3690 infracta.

286 3724 306 3792 't
325 3723 365 3776 ef.
384 3722 469 3777 sehel.
491 3725 545 3776 vet.
566 3721 601 3775 εδ
620 3721 688 3776 Aen.
707 3722 756 3790 ΙΙΙ,
775 3723 837 3778 293.
861 3721 990 3786 Helenus,
1012 3720 1086 3776 filius
1105 3722 1214 3791 Priami,
1237 3742 1294 3780 eum
1311 3727 1329 3782 E

213 3827 274 3865 rum
303 3809 506 3864 sacrificaturus
525 3809 701 3878 applicasset,
729 3809 779 3864 bes
797 3809 959 3864 vulneratus
976 3824 1074 3863 merus
1092 3810 1265 3868 ministrentis
1281 3831 1329 3870 eve

213 3901 243 3951 et
260 3897 290 3951 in
308 3914 341 3951 eo
358 3898 435 3965 loeo,
465 3896 513 3950 ubi
537 3895 588 3950 bos
614 3895 717 3952 eeeidit
742 3897 840 3950 urbem
867 3912 901 3950 ex
927 3912 1058 3965 responso
1083 3898 1235 3966 eonstituit,
1260 3918 1329 3970 quen

211 3985 325 4040 vulnere
344 3984 422 4039 bovis
442 3982 608 4039 Buthrotum
627 3983 787 4054 appellavit.
811 3984 903 4054 posite
921 3987 963 4037 est
980 3986 1072 4038 eutem
1091 3984 1122 4038 in
1139 3987 1285 4056 mequod
1303 4007 1328 4043 m

212 4072 343 4141 cingitur,
364 4072 392 4124 in
410 4089 464 4139 quo
482 4071 543 4125 fons
561 4071 642 4125 huius
661 4073 776 4126 neturus
794 4087 854 4125 esse
865 4070 1034 4139 perhibetur,
1052 4073 1084 4126 ut
1096 4088 1159 4126 eum
1171 4089 1240 4128 mere
1251 4075 1329 4146 quieti

211 4159 303 4227 fuerit,
320 4161 435 4225 ereseet,
454 4174 517 4212 eum
537 4173 601 4212 vero
618 4156 749 4214 fluetibus
768 4157 922 4229 attolletur,
941 4157 1091 4214 deereseet.
