2748 4714
752 207 795 274 22

189 391 332 456 narratio
364 389 543 476 Etymologi
572 393 615 460 ad
648 393 777 460 verbum
810 392 876 459 iere
908 391 1055 458 concinat
1086 411 1158 456 cum
1189 391 1339 474 Stephano

181 491 305 574 deinde
335 492 430 558 etiam
460 493 600 560 fabulam
630 493 719 560 illam
746 495 786 560 de
808 494 921 560 Perseo
948 495 982 558 in
1010 493 1137 559 brevius
1164 494 1339 562 contraxisse

188 593 332 660 videatur
353 595 537 661 Eustathius
559 598 686 679 [comm.
707 599 740 662 in
762 598 855 664 Dion.
877 617 904 661 v.
920 595 998 679 857]
1020 595 1243 679 Etymologum
1259 595 1339 660 Hero

190 694 275 759 diani
306 695 355 760 vel
377 698 590 780 cuiuscunque
619 703 688 762 erat
716 700 893 764 doctrinam
924 719 963 764 ex
984 697 1234 780 ethnicographo
1255 698 1339 780 potius

189 796 400 881 desumpsisse
422 799 607 864 crediderim
617 804 667 886 ³³).

265 908 392 995 ’Ἰτων,
423 913 523 994 πόλις
615 912 687 1003 ἥτις
716 914 772 982 καί
798 911 905 1004 Ἰτιόνη
940 917 1038 1004 [φησί
1065 915 1102 984 δὲ
1127 913 1146 982 ὁ
1174 914 1339 1001 γενεαλόγος

190 1014 437 1104 Σιμωνίδης,
468 1012 595 1084 Ἰτώνου
624 1022 808 1104 θυγατέρας
840 1017 994 1103 γενέσθαι
1023 1014 1097 1097 δύο,
1130 1011 1277 1105 Ἀθηνᾶν
1304 1015 1339 1084 sci

187 1113 350 1201 Ἰοδάμαν.
393 1111 433 1198 δὶς
462 1117 658 1206 ἐζηλωκυίας
684 1119 742 1206 τὴν
771 1117 995 1208 όπλομαχικην
1023 1114 1071 1198 εἷς
1097 1115 1163 1203 ἔριν
1192 1119 1278 1204 πρὸς
1302 1114 1339 1183 cil·

191 1217 291 1307 ληλας
312 1222 417 1305 [codd.
441 1216 489 1298 εἰς
516 1217 561 1304 ἕρ.
584 1222 641 1308 τὴν
668 1217 716 1299 είς
737 1217 782 1306 ci]
810 1226 952 1309 χωρῆσαι
980 1220 1035 1286 καὶ
1063 1215 1280 1309 ἀναιρεθῆναι
1303 1220 1339 1306 ΙΙΙ

188 1317 341 1405 Ἰοδάμαν
362 1318 429 1388 v‘rrd
451 1328 509 1410 τῆς
524 1318 681 1410 Ἀθηνᾶς.
717 1313 798 1389 οἷον·
821 1321 988 1411 Πηλιάδες
1002 1328 1180 1410 σκοπιῇσιν
1194 1319 1339 1406 eddadem

191 1419 385 1510 εἰσορόωσαι
405 1427 409 1510 Ι
428 1419 520 1511 ἔργον
536 1417 716 1512 Ἀθηναίης
734 1419 912 1504 Ἰτωνίδος·
932 1420 1180 1510 >recalescet
1203 1463 1246 1474 -

276 1524 389 1592 Paucis
418 1547 574 1609 exponam
605 1527 719 1609 quihus
748 1529 944 1610 potissimum
973 1528 1012 1593 de
1041 1529 1145 1594 cauas
1174 1528 1339 1612 Etymologc

192 1648 267 1692 usus
290 1628 401 1694 simin
424 1628 583 1712 Stephano
606 1630 809 1696 restitt't.uend0
847 1629 955 1712 Neque
976 1631 1059 1696 enim
1080 1637 1146 1695 tam
1167 1630 1339 1714 Stephanum

143 1735 151 1751 ⁸
193 1729 366 1812 explevisse
386 1731 463 1795 mihi
485 1730 593 1796 videor
614 1752 710 1813 quam
732 1731 885 1796 scholium
906 1731 947 1796 ad
970 1733 1029 1815 Ap
1045 1731 1106 1798 Rh
1121 1732 1146 1810 Ι,
1167 1731 1232 1798 551
1255 1731 1339 1820 paullo

191 1831 363 1896 reddidisse
399 1831 535 1898 uberius
596 1832 714 1915 Magna
750 1839 857 1898 autem
891 1835 1039 1900 intert
1007 1833 1291 1917 ethuicographum
1322 1837 1339 1950 οη

192 1932 396 1998 scholiastam
422 1939 471 1998 est
457 1935 686 2012 tsimilitudo,
718 1935 833 2018 legitur
861 1936 944 2000 enim
975 1935 1061 2019 apud
1091 1940 1265 2018 utrumque
1291 1925 1339 2010 riri}

191 2027 319 2097 Ἰτώνου
347 2035 406 2097 τοῦ
433 2029 553 2121 ἥρωος,
583 2056 686 2118 neque
714 2038 809 2102 etiam
837 2035 986 2102 Hecataei
1018 2037 1090 2102 test
1081 2039 1236 2102 rmonium
1267 2036 1339 2150 δεωη

193 2137 368 2204 Simonides
385 2136 426 2220 ³⁴)
463 2143 570 2202 autem
603 2137 657 2203 ille
694 2143 858 2221 praeterea
892 2160 956 2203 uno
992 2144 1117 2204 tantum
1153 2138 1339 2224 Etymologid

193 2239 331 2304 Gudiani
355 2240 424 2305 loeo
447 2259 470 2303 s.
494 2261 523 2303 v.
543 2231 644 2316 Ἰλεός
666 2245 882 2322 nuncupatur,
905 2245 1024 2317 cetera,
1052 2261 1134 2322 quae
1155 2262 1261 2323 pauca
1281 2225 1339 2304 suu¹

193 2340 373 2422 fragmenta
401 2341 548 2424 leguntur
575 2343 609 2404 in
638 2339 766 2406 scholiis
793 2341 835 2406 ad
857 2342 916 2424 Ap.
938 2341 998 2406 Rh.
1019 2341 1060 2418 11,
1084 2341 1156 2407 866.
1194 2341 1221 2420 1,
1247 2237 1339 2523 76ss

194 2443 356 2525 Stephano
378 2444 416 2527 (s.
437 2441 484 2508 v'v.
503 2436 720 2522 Ἀκαμάντιον
741 2447 774 2506 et
788 2435 984 2529 Ἄκανθος).
1030 2442 1122 2508 Unde
1144 2442 1290 2528 Etymolo
1338 2503 1339 2516 ,

194 2543 321 2624 quidem
349 2565 366 2608 e
398 2543 576 2627 Stephano,
612 2543 806 2626 Stephanum
838 2565 877 2608 ex
910 2544 1029 2611 scholio
1060 2546 1102 2609 ad
1125 2547 1183 2628 Ap.
1208 2543 1337 2610 Rhodion

194 2645 336 2709 hausisse
357 2645 543 2728 putaverim.
581 2645 831 2728 Ethnicographi
853 2653 958 2710 autem
980 2647 1077 2713 verba
1098 2648 1131 2711 in
1149 2646 1276 2712 brevius
1296 2659 1337 2708 esst

194 2767 254 2811 con
255 2751 360 2810 tracta
380 2747 430 2811 vel
451 2748 571 2829 primus
594 2752 781 2830 conspectus
803 2748 904 2813 docet.

279 2859 489 2943 Κόνωοτος.
537 2862 637 2942 οὕτως
671 2861 738 2931 ἔδει
769 2862 958 2952 γράφεσθαι
992 2859 1044 2950 [οὖ
1081 2865 1250 2950 Κάνωβος.
1290 2855 1335 2928 eloi

195 2957 346 3030 οὐδέν’
318 2988 365 3041 εις
387 2988 483 3042 οςα
451 2969 506 3050 [αΙ.
528 2967 602 3032 Her
626 2991 663 3032 π.
686 2992 719 3050 μ.
742 2968 770 3033 λ
792 2969 944 3052 920,15]
970 2962 1112 3053 λῆγον(
1095 2965 1179 3052 υπὲρ
1203 2964 1263 3032 δόο
1288 2961 1333 3030 ουλ-

197 3063 300 3149 λαβὰς
322 3063 587 3154 παραληγόμενον
607 3093 653 3156 τῳ
677 3094 703 3135 ω
728 3064 791 3151 ε’χει
814 3066 851 3134 τὸ
872 3060 937 3152 β
917 3066 1068 3154 αρκτικὸν
1096 3073 1155 3156 τῆς
1180 3060 1333 3136 τελευταίας

196 3167 368 3253 συλλαβῆς,
391 3162 461 3234 ἀλλ’
485 3163 677 3258 ηότορονῆ
704 3168 743 3236 τό
766 3194 803 3236 οι.
827 3166 1024 3254 Κρότωπος,
1047 3164 1240 3254 δίνθρωπος.
1280 3163 1331 3233 olan

196 3269 251 3334 καί
276 3266 464 3354 Κόνωοτος].
1196 3359 1198 3362 v

281 3372 462 3449 Berkelius‚
500 3393 593 3454 quem
626 3379 751 3439 secutus
782 3378 830 3438 est
857 3371 1048 3449 Meiuekius‚
1083 3371 1240 3456 Stephani
1271 3368 1329 3436 verli

195 3474 390 3539 restituenda
425 3495 493 3539 esse
529 3475 597 3539 iure
633 3482 721 3541 ratus
757 3475 897 3540 subsidia
931 3475 1085 3558 quaesivit
1122 3474 1164 3538 ab
1187 3471 1328 3539 Eustatlia

196 3580 320 3657 (comm.
343 3577 376 3638 in
399 3576 489 3641 Dion.
515 3577 569 3660 11)
592 3579 646 3659 qui
668 3598 769 3660 neque
790 3583 857 3642 tam
878 3578 979 3642 multa
1004 3597 1105 3658 neque
1127 3582 1195 3640 tam
1218 3578 1328 3641 accurat

266 3819 298 3886 ⁸³)
317 3819 384 3874 Veri
409 3818 478 3872 mihi
500 3818 612 3872 videtur
631 3835 690 3872 esse
708 3819 878 3873 simillimum
897 3834 991 3872 omnes
1012 3817 1062 3872 has
1079 3819 1252 3876 narrationes
1267 3807 1326 3872 delei

197 3906 348 3960 Alexandri
367 3905 547 3974 Polyhistoris
567 3905 601 3959 de
619 3907 701 3959 rebus
720 3906 846 3976 Phrygiis
871 3905 958 3973 libris,
986 3905 1159 3958 narrationes
1178 3923 1253 3960 rsrss
1268 3907 1289 3956 et
1300 3898 1325 3952 ol

197 4011 299 4059 scuras,
319 3994 459 4047 nominum
478 3993 662 4048 derivationes
678 3993 813 4047 absurdas
832 3995 944 4061 captare
962 3992 1045 4045 soliti.

267 4079 300 4146 ⁸⁴)
318 4081 465 4136 Simonidis
483 4080 673 4136 testimoninm
691 4080 801 4135 videtur
818 4079 996 4148 exscripsisse
1014 4096 1048 4134 ex
1059 4079 1092 4140 Ε.
1104 4079 1142 4133 ΙΙΙ.
1156 4079 1264 4134 Taetses
1274 4069 1322 4130 schol

196 4168 260 4234 Lyce
280 4169 339 4220 355.
