2748 4714
561 229 603 295 25

18 415 102 480 Recte
127 435 173 480 me
199 413 372 480 restituisse
399 413 492 480 dccet
513 413 692 499 Stephanus
714 414 781 497 ipse
809 412 945 480 collatus
965 405 992 479 s}
1013 435 1040 479 v.
1063 415 1165 498 Σιρις.

19 517 58 582 cf.
76 517 208 584 Holsteu.
839 585 845 596 .

90 631 225 701 Σελλοὶ
251 671 266 686 -
280 673 295 685 -
322 632 397 717 δι’χα
422 639 480 701 τοῦ
504 620 658 700 σἮλλοί
685 629 752 718 [ὅτι
774 629 905 720 (Ἓλλος
925 631 1017 719 null)
1059 631 1167 700 Ἑλλοὶ

17 732 49 799 τὸ
72 732 265 824 ε’νΔωδώνη
290 741 349 825 τῆς
371 732 531 823 Ἠπείρου
559 740 731 802 κατοικοῦν
760 731 865 815 ἔθνος.
909 734 963 801 καὶ
992 734 1052 822 γὰρ
1082 732 1166 801 οὕτω

17 836 90 915 τινες
108 835 232 922 λέγουσι
253 836 291 904 τὸ
314 836 405 925 παρὰ
426 843 473 925 τῷ
496 841 635 926 ποιητῇ·

487 934 574 1025 ἀμφὶ
597 937 633 1005 δὲ
653 935 762 1005 ‘Elios'
797 971 803 988 ·

405 1039 459 1108 σοὶ
479 1037 626 1108 ναίουσιν
647 1079 689 1090 --

17 1135 123 1226 εἴρηται
149 1140 186 1208 δέ
213 1139 293 1209 atat
320 1140 411 1227 παρὰ
436 1142 476 1210 τὸ
502 1141 584 1223 ἕλος.
628 1141 664 1208 ἐκ
686 1142 746 1228 γὰρ
773 1148 832 1210 τοῦ
858 1145 1086 1226 κατακλυσμοῦ
1108 1148 1167 1230 τῆς

17 1245 63 1328 γῆς
86 1238 165 1309 ἔνθα
194 1237 297 1330 ᾤκουν
323 1240 463 1324 ἑλώδους
492 1246 663 1331 γενομένης
692 1247 751 1329 [sic
773 1267 844 1311 cum
867 1246 894 1309 V
916 1245 1036 1324 scribe,
1068 1245 1166 1311 Gaisf.

17 1365 163 1428 perperam
193 1344 389 1432 γενομένου]
418 1344 608 1435 praelapsus
618 1350 662 1434 ⁴⁰)
692 1345 726 1411 ἐν
755 1343 912 1434 Δωδώνη.
955 1343 1011 1410 καὶ
1041 1343 1073 1412 oi
1106 1345 1167 1429 μὲν

17 1441 127 1525 ‘Ellotis
157 1445 276 1526 αὐτοὺς
310 1445 494 1530 ἐξεδέξαντο
523 1445 569 1527 ώς
597 1444 769 1534 Πίνδαρος.
812 1448 865 1515 δεῖ
895 1447 931 1515 δὲ
958 1443 1030 1528 α’πὸ
1056 1439 1167 1515 roric

17 1537 159 1633 ἔρχεσθαι
179 1546 238 1636 τὴν
258 1548 345 1629 λέξιν
367 1548 506 1629 Σελλοδς
526 1545 594 1616 ἀπὸ
617 1545 812 1638 Σελλήεντος
835 1553 1010 1636 ποταμοῦ]

88 1651 281 1737 Stephanum
311 1653 353 1718 ab
382 1654 467 1718 omni
496 1660 588 1738 perte
615 1654 649 1719 iu
671 1654 732 1718 hac
754 1674 829 1719 voce
851 1652 979 1737 plenum
1002 1676 1052 1720 me
1074 1655 1167 1721 resti-

17 1752 98 1819 tuisse
129 1759 292 1837 praestare
323 1775 388 1820 non
421 1754 536 1835 audes,
567 1761 656 1822 recta
686 1761 792 1820 temen
821 1756 871 1822 vie
900 1777 950 1821 me
978 1756 1167 1840 processisse

17 1853 194 1922 crediderim.
233 1857 279 1920 Ac
300 1856 437 1940 primum
458 1857 587 1940 quidem
608 1855 761 1940 Stephani
781 1857 878 1923 verbe
899 1858 931 1922 in
953 1858 1077 1925 brevius
1099 1879 1167 1924 esse

17 1961 164 2024 contracte
183 1965 320 2041 apparet
340 1958 465 2024 collatis
486 1959 702 2044 Etymologico
724 1964 756 2024 et
777 1959 905 2026 scholiis
926 1958 968 2024 ad
985 1959 1021 2024 Il.
1036 1964 1071 2023 Π
1093 1960 1166 2038 234,

17 2055 83 2121 'mter
116 2079 149 2124 se
186 2058 388 2148 simillimis..
422 2061 571 2139 Quemvis
606 2067 711 2127 eutem
751 2062 837 2145 apud
874 2061 1099 2145 Etymologum
1136 2068 1169 2126 et

17 2157 185 2227 scholiastes
208 2161 317 2228 eadem
339 2162 406 2227 fero
426 2167 550 2240 extent,
579 2168 686 2227 tamen
717 2184 814 2228 unum
843 2162 875 2227 id
906 2163 1052 2242 interest,
1082 2163 1167 2246 quod

17 2260 98 2326 uultu
119 2263 246 2345 quidem
267 2264 302 2328 iu
323 2263 453 2329 scholiis
473 2264 621 2330 dicuutur
643 2265 683 2329 de
697 2265 816 2347 duplici
837 2265 921 2330 vocis
936 2262 1053 2330 Σελλοί
1068 2268 1168 2350 scrip·

17 2377 80 2440 ture,
102 2365 157 2428 sed
179 2365 220 2430 de
242 2365 451 2450 originatione
471 2366 529 2431 illa
541 2359 611 2430 ἀπὸ
626 2362 718 2443 ἕλους
738 2364 828 2430 nulle
850 2364 888 2430 fit
907 2366 1025 2432 ibidem
1040 2369 1168 2434 mentio.

18 2459 49 2526 lle
77 2464 137 2531 hac
169 2467 241 2549 ipse
274 2488 347 2532 vcro
379 2467 562 2534 disseruisse
592 2466 819 2551 Apollodorum
851 2467 940 2532 testis
972 2473 1021 2532 est
1053 2469 1168 2534 Strabo

18 2583 34 2642 a
53 2565 111 2629 328
134 2567 202 2633 his:
238 2562 372 2634 Οἴονται
394 2568 440 2649 δέ,
462 2565 563 2656 φησὶν
590 2564 606 2634 ἰ
626 2562 886 2660 Ἀπολλόδωρος,
908 2563 979 2633 α’πδ
1000 2575 1066 2634 τών
1087 2567 1169 2636 ἑλών

18 2669 64 2728 τών
84 2665 162 2751 περὶ
183 2664 224 2733 τὸ
246 2665 332 2753 ἱερὸν
359 2667 444 2736 οὕτω
468 2671 654 2736 καλεῖσθαι.
697 2666 753 2734 τὸν
778 2669 891 2750 μέντοι
917 2669 1056 2758 ποιητὴν
1080 2667 1168 2758 [οὐχ]

18 2763 82 2832 οὕτω
107 2769 215 2852 λέγειν
233 2766 365 2849 ‘Ellotis
391 2767 475 2837 ἀλλὰ
500 2769 639 2850 Σελλοὺς
665 2766 894 2854 ὑπολαμβάνει
920 2771 999 2849 τούς
1027 2771 1103 2857 περὶ
1129 2772 1168 2839 τὸ

19 2867 98 2951 ερόν,
133 2871 301 2956 προσθεὶς
332 2867 384 2938 ὅτι
414 2871 468 2938 καὶ
502 2872 683 2961 Σελλήεντα
717 2871 790 2938 τινὰ
823 2869 974 2955 ὀνομάζει
1007 2871 1166 2956 ποταμόν.

18 2971 193 3056 ltephenum
216 2981 322 3040 autem
344 2995 408 3039 non
431 2977 531 3041 solum
554 2975 738 3059 Apollodori
766 2977 911 3042 notitiam
933 2997 997 3041 non
1020 2977 1168 3042 habuisse
1246 3055 1248 3058 ¹

19 3074 59 3137 risi
87 3097 144 3159 per
167 3076 435 3159 Epaphroditi
456 3079 725 3156 commentarium,
753 3079 923 3144 sedetiam
946 3079 1061 3155 omnia,
1085 3099 1168 3160 quae

19 3175 250 3262 thnicographo
281 3200 352 3242 cum
382 3179 510 3244 scholiis
532 3180 698 3247 homericis
720 3181 899 3245 communia
921 3181 984 3244 sint
1004 3180 1169 3263 Epaphro-

19 3275 64 3341 lito
84 3278 256 3344 tribuenda
277 3300 345 3344 esse
366 3280 594 3346 demonstravit
615 3281 737 3346 Niese.
772 3283 845 3364 [Rh.
867 3281 947 3347 Mus.
969 3283 1020 3345 32.
1053 3303 1083 3363 p.
1105 3284 1169 3347 276

19 3383 33 3442 t
60 3401 133 3446 ann.
156 3383 187 3446 2.
233 3380 273 3444 cf.
306 3386 442 3446 ceterum
477 3405 508 3466 p.
533 3384 572 3447 19
608 3382 687 3466 disp.
721 3383 838 3468 huiua]
893 3383 1023 3448 Accedit
1057 3383 1169 3449 deinde

19 3479 132 3546 ltemm
161 3489 381 3564 argumentum
410 3483 496 3548 haud
524 3484 654 3549 minoris
684 3487 842 3551 momenti.
886 3484 962 3551 Selli
985 3484 1073 3549 sedes
1095 3505 1168 3549 suas

19 3581 164 3648 ledonem
187 3583 398 3649 translocasse
420 3585 583 3664 dicuntur,
611 3587 670 3651 sub
692 3608 767 3653 voce
789 3593 893 3653 autem
918 3581 1079 3670 Δωδώνη,
1103 3607 1166 3668 qua

20 3857 95 3897 omen
116 3840 263 3896 cuiusdam
279 3840 408 3908 Aegyptii
432 3841 476 3908 sit,
496 3840 674 3895 scribendum
694 3845 744 3894 est.
781 3840 824 3893 Ex
838 3839 941 3894 Milleri
961 3841 1056 3896 codice
1075 3842 1170 3897 addidi

20 3929 45 3980 *ri
63 3947 176 3982 nomen.
641 3923 644 3931 ’

66 4033 100 4098 ⁴⁰)
120 4032 246 4086 Exhibet
272 4031 375 4088 Minori
407 4032 467 4087 cod.
494 4049 521 4100 p.
556 4033 613 4084 158.
641 4027 851 4100 μετανοήσαντες
878 4031 907 4084 ἐν
935 4027 1057 4104 Δωδώνη
1086 4029 1170 4094 οὕτως

20 4115 154 4186 νόμασαν.
165 4115 340 4188 Ἀρίσταρχος
349 4118 380 4172 δὲ
388 4113 494 4176 ‘Ellotis
503 4119 662 4188 (legendum
672 4113 798 4182 Στλλοῦς)
813 4133 898 4188 φησιν
910 4116 1026 4170 ἀπὸτοῦ
1038 4119 1167 4175 ἔντοπλου

20 4209 127 4275 οταμοῦ
144 4201 315 4271 Σελλήεντος.
