2748 4714
586 247 627 311 65

23 433 122 500 deberi
147 433 419 516 videbanturwu.
461 431 547 496 Haec
569 453 586 496 e
608 432 781 515 Stephano,
811 431 866 514 qui
888 451 972 495 nune
1001 437 1058 507 est,
1090 429 1196 512 colligi

23 557 106 618 posse
135 542 233 600 ratus
262 533 432 618 composui.
482 533 584 616 Supra
613 539 718 598 autem
748 554 819 597 cum
850 539 929 614 quot
957 531 1197 614 ethuicographi

23 638 151 702 lacunas
192 658 232 700 ex
263 635 364 718 Etym.
397 631 439 696 M.
475 635 640 698 restituere
675 633 771 698 liceat
806 634 1071 716 perspexerimus,
1113 653 1197 697 nunc

23 739 123 802 eodem
167 737 208 803 de
238 737 323 801 iente
356 756 462 800 vocem
496 742 653 819 repetam,
688 755 769 818 quae
798 737 865 799 sine
892 735 988 799 dubio
1017 734 1132 798 excidit
1163 733 1197 798 in

23 839 182 923 Stephani
204 839 301 903 libris.
754 824 756 826 ⁵

98 941 193 1023 Nam
216 979 285 1022 cum
307 957 426 1022 frustra
447 955 609 1033 Heudoni‚
633 954 737 1019 (larici
757 953 913 1031 fluminis,
937 974 1051 1018 nomeu
1073 955 1105 1017 iu
1128 953 1198 1018 Ste-

25 1061 127 1142 phano
156 1080 359 1142 quaeramus,
381 1057 522 1123 subsidio
543 1057 634 1122 nobis
657 1063 705 1122 est
725 1055 760 1120 Ε.
784 1055 841 1121 M.:

1 1259 2 1288 l
585 1229 637 1293 50.

101 1327 275 1410 Εῗδωνος,
298 1328 451 1411 ποταμὸς
471 1333 529 1415 τῆς
551 1351 634 1392 ποτε
655 1327 715 1409 μὲν
730 1326 817 1405 Δίας
839 1352 875 1393 τε
896 1326 950 1392 καί
970 1321 1126 1414 Ἐρύμνης
1143 1323 1198 1392 καί

1 1475 2 1490 ÷
24 1431 197 1518 Λαρίσης,
226 1435 279 1494 νῦν
307 1429 344 1496 δὲ
369 1427 538 1512 Τράλλεων
565 1429 764 1515 καλουμένης
792 1430 853 1516 τῆς
880 1423 1003 1506 Ἀσίας.
1048 1424 1099 1492 ὅτι
1121 1425 1200 1492 Aoi-

24 1535 167 1619 βρανδος
188 1530 243 1596 καί
265 1529 462 1614 Παναίμορος
486 1529 541 1595 καί
564 1528 718 1612 Πάλαξος
740 1524 760 1616 ἢ
782 1526 957 1609 Σποίλαξος
979 1527 1010 1595 oi
1036 1526 1201 1615 Κούρητες

24 1631 101 1702 κατὰ
139 1628 289 1720 χρηομόν
321 1629 380 1698 ἐπὶ
412 1625 472 1719 τήν
502 1629 627 1717 Καρίαν
659 1627 822 1715 ὁρμῶντες
854 1624 972 1707 νυκτός
1002 1629 1201 1696 ἐπικαταλα-

25 1737 147 1822 βούσης
188 1732 247 1798 ἐπὶ
281 1739 355 1811 ταῖς
389 1727 511 1816 ίίχθαις
545 1728 646 1799 αὐτοῦ
681 1730 975 1820 κατεκοιμήθηοαν.
1033 1728 1123 1814 παρὰ
1160 1729 1198 1796 cd

25 1836 165 1927 είοῆααι
186 1825 243 1899 οὖν
264 1832 412 1900 Εῧδωνον
432 1832 490 1901 adv
512 1828 665 1918 ποταμὸν
685 1827 865 1917 ὠνόμασαν.

108 1958 308 2039 scriptorem
342 1957 427 2020 vocis
458 1957 497 2020 de
530 1955 653 2020 duobus
691 1955 870 2020 nominibus
903 1953 980 2018 Diae
1011 1953 1202 2037 Larisaeque

26 2082 134 2126 errare
171 2057 264 2122 modo
291 2059 356 2121 veri
385 2058 485 2123 simile
515 2057 668 2122 duximus.
714 2057 826 2121 Restat
849 2057 991 2120 narratio
1012 2058 1090 2128 satis
1112 2057 1200 2132 mira,

26 2165 113 2228 cuius
152 2180 220 2224 uua
253 2165 379 2224 tautum
414 2159 523 2223 similis
556 2159 714 2223 invenitur
747 2157 831 2239 apud
866 2157 955 2220 Diod.
987 2157 1023 2232 V,
1059 2159 1115 2234 60,
1148 2157 1203 2221 ubi

26 2266 173 2347 quinque
188 2259 316 2325 Curetes
332 2283 348 2324 e
364 2260 457 2326 Creta
475 2261 508 2324 in
524 2259 772 2324 Chersonnesum
789 2257 931 2322 Caricam
950 2257 1083 2340 proiecti
1099 2263 1203 2322 terrae

27 2369 207 2447 occupatae
236 2361 377 2444 quinque
408 2367 517 2444 partes
546 2361 686 2425 divisisse
715 2361 872 2424 dicuutur.
924 2358 1078 2423 Studehat
1107 2360 1203 2442 igitur

26 2462 228 2540 Alexander,
259 2469 294 2526 ut
323 2462 399 2526 mihi
428 2463 554 2545 quidem
582 2463 719 2540 videtur,
751 2460 939 2526 labrandae
966 2461 1026 2524 vici
1054 2460 1202 2524 exhibere

26 2567 167 2632 nominis
194 2564 432 2644 originationem
464 2567 665 2629 coniunctam
694 2584 765 2627 cum
794 2561 903 2626 fabula
924 2561 981 2626 illa
1002 2561 1141 2625 absurda
1164 2561 1203 2626 de

26 2666 177 2734 Herdoni
212 2663 350 2728 fluminis
381 2666 517 2729 nomine.
571 2664 680 2748 Neque
715 2665 842 2729 omnino
872 2663 1009 2746 scriptor
1038 2661 1199 2745 florilegus

27 2793 87 2835 una
110 2768 299 2832 narratione
321 2772 487 2830 contentus
508 2766 604 2831 fuisse
626 2764 840 2850 expectandus
862 2771 918 2828 est.
961 2762 1202 2829 Plutarchus

27 2873 126 2948 euim,
161 2869 278 2951 quippe
307 2868 362 2950 qui
385 2868 564 2933 Alexandro
592 2874 733 2933 uteretur
763 2864 976 2946 [cf.A1.P01.
1008 2864 1045 2929 fr.
1073 2867 1124 2930 26.
1151 2867 1204 2930 52.

28 2972 107 3057 150]
130 2970 167 3034 in
190 2969 429 3051 quaestionibus
451 2971 573 3052 graecis
588 2967 702 3052 [XLV]
725 2968 937 3032 narrationem
959 2966 1049 3030 nobis
1072 2967 1203 3049 praebet

27 3073 89 3138 huc
112 3071 299 3137 facientem:

114 3322 205 3406 „Ace
226 3323 261 3390 τί
281 3329 341 3393 τοῦ
354 3323 560 3409 Λαβραδέως
570 3317 654 3402 Διὸς
675 3321 709 3389 ἐν
723 3319 833 3411 Καρία
854 3317 893 3389 τὰ
916 3314 1048 3407 ὂίγαλμα
1062 3321 1201 3388 πέλεκυν

24 3424 174 3516 ἠρμένον,
195 3422 266 3508 οὐχί
288 3425 324 3493 δὲ
339 3431 506 3514 σκῆπτρον
526 3419 547 3513 ἢ
568 3418 722 3511 κεραυνὸν
737 3421 955 3512 nancietum·
977 3419 1030 3490 ὅτι
1041 3420 1202 3508 Ἡρακλῆς

22 3523 225 3614 Ἱππολύτην
248 3523 448 3606 ἀποκτείνας
476 3525 532 3592 καί
558 3525 641 3609 μετὰ
671 3531 737 3592 τῶν
759 3519 868 3592 ίίλλων
889 3522 1003 3592 ὃπλων
1024 3519 1123 3613 αὐτῆς
1143 3527 1201 3591 λα-

24 3626 94 3714 dcciv
118 3626 178 3695 τὸν
201 3627 339 3696 πέλεκυν
357 3622 511 3718 Ὀμφάλῃ
532 3630 635 3715 δῶρον
656 3628 803 3695 δέδωκεν.
839 3622 870 3691 oi
893 3625 930 3693 δὲ
950 3620 1020 3708 μετ’
1035 3621 1199 3714 Ὀμφάλην

29 3765 261 3780 ...ιι-*ῃ

97 3851 143 3917 ¹⁶⁶)
161 3853 288 3923 Inprimis
312 3852 343 3906 id
362 3853 397 3906 de
415 3852 507 3906 Cauno
529 3852 612 3919 valet,
636 3851 684 3904 ubi
703 3851 804 3904 Strabo
823 3850 976 3919 exscriptus
994 3854 1044 3903 est
1080 3850 1200 3904 Telmes-

25 3957 81 3994 rum
103 3940 194 4002 omisi,
214 3955 286 4008 quae
304 3957 358 3995 vox
375 3939 492 3994 debetur
505 3939 653 3993 Polemoni.
672 3937 709 3992 ci.
724 3937 755 3990 Ε.
769 3935 806 3990 hd.
820 3939 881 4003 751,
901 3935 942 3988 27.
962 3936 995 3989 ir.
1009 3939 1052 3991 35.
1088 3937 1200 3991 Chalcia

25 4029 138 4082 ridetur
156 4043 216 4082 esse
233 4027 347 4081 Crateri.
382 4025 477 4094 Neque
495 4025 587 4094 recepi
606 4025 795 4094 Tymneseum‚
820 4023 893 4091 quod
915 4024 1054 4092 oppidum,
1076 4025 1201 4092 quamvis

24 4113 109 4168 luerit
125 4111 231 4181 Cariae,
257 4116 350 4167 nmen
379 4112 414 4165 ab
437 4112 595 4167 Alexandro
621 4113 651 4164 iu
678 4110 761 4165 rebus
783 4109 876 4178 Lyciis
907 4115 1059 4165 tractatum
1087 4116 1138 4165 cst.
1163 4109 1201 4166 ci.

23 4201 53 4257 ir.
73 4203 111 4257 7⁰2
129 4201 170 4255 M.

953 4302 970 4352 δ
