2748 4714
574 241 614 308 51

544 427 645 494 XVII.

484 547 535 616 21.
578 547 619 613 M.
644 551 691 614 12.

98 657 266 746 Εύρωμος,
296 659 398 741 πόλις
428 551 577 750 Καρίαςλ
600 659 672 730 ano*
693 552 866 749 ]Εύριόμοο
897 668 955 731 τοῦ
984 647 1178 753 Ἰόριέοίςθθ)

30 761 132 848 Καρός.
175 763 228 848 [τὸ
257 762 389 831 &aanor
420 759 614 850 Εύρωμεύς.]
656 762 878 845 Ἀπολλώνιος
911 763 1180 856 ἑπτακαιδεκάτῳ

31 870 236 1033 Καριλλῖνλιίλα
267 966 374 1051 oppidi
396 989 435 1032 ex
457 967 611 1035 Strabone
642 992 672 1052 p.
687 919 768 1035 Ι663.
791 969 863 1036 658.
907 970 987 1035 Pliu.
1009 971 1040 1050 5,
1060 972 1178 1055 109⁸2)

30 1073 153 1148 arsut,
179 1089 243 1134 nou
264 1070 339 1134 item
361 1070 401 1135 de
425 1072 597 1136 conditoris
617 1071 760 1148 nomine,
783 1071 868 1152 quod
890 1093 971 1136 unus
992 1070 1179 1155 Apollonius

31 1166 114 1233 adert.
158 1169 255 1236 Graius
276 1192 348 1235 oum
369 1193 454 1238 nuno
476 1178 651 1238 extremum
681 1172 846 1254 legerimus
868 1171 1079 1252 fragmentum
1102 1194 1180 1238 oon-

30 1267 121 1336 litoris
154 1270 289 1336 alieuius
320 1273 446 1338 nomine
474 1274 614 1356 insigne,
649 1277 824 1337 ceterorum
855 1274 950 1338 etiam
981 1273 1179 1339 conditorum

31 1372 141 1437 nonina
162 1373 196 1436 in
218 1393 315 1438 unum
338 1373 481 1440 conferre
502 1375 604 1440 ucat

7 1643 8 1650 ¹
95 1622 296 1704 Δασκύλιον,
334 1623 435 1704 πόλις
461 1623 588 1710 Καρίας
619 1623 678 1690 ἐπὶ
708 1629 780 1703 τοῖς
811 1621 900 1710 όροις
922 1629 989 1710 -τῆς
1017 1619 1179 1709 Ἐφεσίας,

7 1715 82 1830 ἰίυιό
104 1723 280 1817 Δασκύλου
307 1730 368 1792 τοῦ
394 1724 480 1795 οἶοί
494 1721 704 1812 Πιριαόόοο..
733 1727 855 1809 [Meinr
886 1745 1021 1807 „nomen
1051 1746 1181 1808 suspee-

7 1830 121 1910 glaub]

7 1911 8 1920 λ
95 1926 221 1993 Fabula
242 1928 325 1992 inter
347 1950 399 1995 ees
421 1937 478 2008 est,
501 1930 541 1994 de
562 1927 685 2011 quibus,
708 1929 740 1992 id
761 1929 894 2010 quadiu
910 1927 1080 2010 Apollonio
1095 1933 1181 1991 oerte

32 2045 77 2090 uon
97 2029 230 2105 mirum,
259 2027 359 2094 altum
390 2031 517 2095 aliunde
538 2036 586 2095 eat
607 2030 783 2106 silentium3
814 2034 1075 2094 commemoratur
1097 2028 1179 2092 enim

32 2123 184 2211 Dascylos,
217 2114 342 2194 Tantali
371 2138 402 2195 et
428 2119 700 2208 Anthemoesiae,‘
716 2127 794 2213 Lyci
821 2128 919 2206 filiae,
950 2127 1052 2206 filius,
1087 2148 1180 2210 quern

30 2225 157 2313 Bithynis
178 2231 360 2312 imperasse,
383 2232 527 2299 Herculia
548 2234 668 2298 socium
689 2225 785 2296 furiae
806 2228 917 2294 fabula
937 2230 1000 2295 lert
1021 2232 1093 2312 [Ap.
1118 2227 1178 2293 Bh.

30 2327 51 2402 2,
64 2329 129 2397 776.
160 2330 261 2396 aohol.
277 2333 307 2409 2,
327 2332 397 2400 724.
413 2335 485 2399 752.
516 2335 596 2419 Hyg.
611 2334 633 2398 f.
652 2333 722 2415 14];
741 2331 888 2414 proditur
902 2332 997 2396 etiam
1011 2331 1180 2395 memoriae

30 2425 88 2510 Lysi
115 2428 204 2496 filius
233 2430 389 2517 Dasoylus
426 2437 500 2518 [Ap.
521 2434 582 2499 Rb.
611 2435 641 2512 2,
670 2433 743 2498 803.
773 2431 869 2513 813],
898 2430 1083 2496 Periaudae·
1106 2448 1179 2494 vero

32 2549 185 2613 nunquam.

568 2685 619 2750 23.

95 2782 244 2850 Μύλασα
255 2787 316 2870 ⁸⁸),
339 2780 440 2863 πόλις
465 2782 605 2870 Καρίας,
634 2777 704 2850 ἀπὸ
726 2780 889 2850 Μυλάσου
909 2785 969 2849 τοῦ
990 2779 1180 2869 Χρυσάορος

34 2886 75 2946 τοῦ
93 2883 242 2950 Γλαύκου
271 2886 331 2950 τού
362 2881 509 2972 Σισύφου
538 2889 600 2952 τού
628 2881 768 2954 Λίόλου.
813 2886 899 2952 Bene
928 2886 1005 2950 bauo
1035 2885 1180 2950 videntur

35 2988 172 3063 quadrare
191 2987 296 3065 adea,
317 3008 437 3070 quaes.
452 3011 483 3057 v.
500 2984 684 3073 Χρυσαορίς
694 2989 850 3072 leguntur.
887 2987 1072 3072 Chrysaoris
1088 2987 1180 3071 oppi-

35 3083 88 3151 dum
116 3110 138 3155 a
167 3089 272 3174 Lyoiis
302 3089 485 3172 Chrysaoris
514 3091 597 3172 regis
628 3090 725 3156 ductu
753 3089 915 3166 conditur,
947 3088 989 3153 ab
1018 3088 1085 3152 eius
1113 3086 1179 3152 filio

36 3204 94 3255 nora
114 3187 273 3272 quaedam
295 3187 420 3254 colonia
440 3191 615 3275 Lyoioruna

589 3342 620 3407 4.

98 3435 300 3524 Εύωνύμιια,
328 3439 428 3520 πόλις
449 3344 589 3526 napta}
608 3489 696 3507 .....
738 3433 810 3506 όπό
833 3433 1010 3520 Εύωνύμου
1030 3441 1091 3503 τού
1112 3439 1181 3524 Γῆς

36 3537 72 3602 καί
92 3538 248 3626 Οὐρανοῦ.
406 3617 408 3624 Ι

96 3644 242 3709 Liberius
270 3644 303 3708 in
326 3644 386 3709 hae
407 3665 482 3710 voce
503 3642 672 3710 traomda
692 3648 833 3707 ansatus
862 3660 948 3718 sum,
982 3639 1099 3722 quippe
1124 3642 1179 3722 qui

37 3767 218 3788 5——

83 3830 334 3979 :igssrgffif‘oey
352 3917 389 3972 el.
400 3917 493 3986 Polyb.
512 3917 570 3986 XV,
589 3919 614 3984 2,
632 3917 657 3982 3,
675 3913 776 3980 XVIII,
796 3915 839 3981 27,
857 3916 884 3980 4,
901 3913 989 3979 XXX,
1007 3916 1032 3980 5,
1053 3918 1092 3969 ll.
1120 3915 1179 3970 Liv.

14 3995 265 4152 ¹adl&Dira’iddb
291 4089 370 4144 &rio
396 4106 413 4142 a
439 4075 641 4159 Mylasensibus
666 4085 742 4140 oulto
770 4049 806 4140 of.
829 4083 871 4138 st.
895 4101 916 4138 s·
935 4102 962 4141 r.
982 4088 1082 4157 Καρία,
1109 4104 1180 4157 quae
1247 4045 1249 4050 Ι

36 4165 141 4230 tuton
158 4193 188 4244 p.
205 4176 256 4231 669
273 4173 418 4230 debentur.
988 4165 990 4170 ,

911 4274 950 4328 μ
