2748 4714
778 258 821 324 46

300 447 339 510 ln
361 446 541 513 universum
563 451 669 512 nutem
686 445 782 512 Ceres
804 445 905 512 multe
919 445 1113 512 Graecorum
1134 446 1233 514 verbe
1250 441 1368 512 sermon

115 557 118 563 '
215 570 272 614 suc
294 551 456 613 miscuisse
469 554 582 614 auctor
596 554 644 613 est
658 548 825 631 Philippus
840 547 1084 632 Theangelensis
1100 548 1186 632 epud
1198 547 1368 625 Straboneu

214 671 246 734 p.
270 650 347 716 662:
378 645 453 716 cidi
471 672 507 734 γε
529 644 580 714 ὅτι
600 643 820 736 τραχυτάτηὴ
847 649 975 733 γλῶττα
1001 653 1067 714 τῶν
1090 653 1216 734 Καρῶν.
1259 643 1298 712 ori
1327 647 1368 772 γάο

215 748 314 830 ἔστιν,
336 743 422 817 ἀλλὰ
444 774 500 815 και
490 748 664 816 πλεῖστα
674 742 882 837 ‘Eitpveud'
865 747 1012 832 ανόματα
1033 747 1098 832 ἔχει
1112 751 1368 834 καταμεμιγμένα

215 849 260 930 ὥς
290 875 372 940 φησι
402 847 627 929 Φίλιππας“
609 875 627 918 α
656 850 698 917 τὰ
727 848 857 939 Καρικαὶ
887 844 1029 970 γράψας
1074 853 1136 936 [Cf.
1166 853 1288 938 Meyer.
1323 851 1368 916 Ge

214 955 357 1020 schichte
387 955 442 1020 des
474 954 586 1020 Altert.
616 955 640 1019 I.
674 954 838 1036 §250A,
871 955 926 1038 qui
961 967 1176 1042 perperems
1161 953 1271 1020 scribit
1306 951 1368 1020 Phil

215 1055 536 1141 suangolonsisq
603 1129 605 1134 ,

299 1157 485 1224 Glosscrum
513 1155 641 1222 illerum
667 1157 702 1222 in
729 1157 792 1223 fine
818 1166 956 1244 ponetur
986 1178 1100 1223 nomen
1122 1151 1205 1234 Διὸς
1230 1150 1368 1238 Ὀσογῶα

215 1279 309 1342 quem
331 1260 461 1324 summis
483 1257 687 1323 celebrabant
714 1257 889 1325 honoribus
911 1259 1113 1345 Mylasenses.
1158 1257 1250 1335 Quod
1272 1277 1368 1348 nomer

215 1360 346 1426 Graecis
367 1360 464 1425 brisso
484 1365 594 1424 notum
616 1366 776 1426 testantur
797 1360 912 1427 Strabo
933 1382 965 1443 p.
983 1357 1045 1424 659
1067 1364 1100 1423 et
1121 1358 1213 1424 Pnus.
1237 1355 1368 1435 8,10,4

215 1483 317 1546 neque
340 1462 457 1527 deest
448 1484 480 1527 m
504 1461 605 1526 titulis
627 1459 785 1527 velutOC
775 1484 795 1526 r.
810 1483 857 1546 gr.
873 1461 913 1541 11,
935 1459 1056 1525 2693f.
1078 1447 1179 1538 οὔσαις
1201 1453 1292 1543 ἱερὰς
1306 1457 1368 1552 Διο

212 1559 334 1646 Ὀααγώ
356 1569 388 1628 et
401 1563 442 1642 11,
458 1561 552 1628 2700.
590 1561 636 1628 cf.
658 1563 702 1628 Le
718 1563 796 1629 Bas.
817 1583 953 1648 voyeges
975 1583 1014 1627 en
1028 1563 1100 1626 Asie
1114 1562 1302 1639 mineure3,
1316 1557 1368 1640 345

214 1663 320 1731 Hbck:
344 1664 443 1729 Krete
463 1664 505 1742 11,
528 1685 561 1748 p.
583 1663 655 1731 295.
677 1664 750 1730 303.
792 1664 904 1732 Kuhn.
927 1664 978 1729 die
999 1662 1253 1746 Entstehungd
1278 1647 1368 1800 Stiidt

215 1765 246 1830 d.
268 1764 416 1848 Altenp.
437 1765 510 1844 258,
534 1764 585 1831 28.

302 1865 367 1931 Nec
395 1866 518 1948 lougius
548 1865 626 1930 mihi
654 1864 880 1948 disputandum
906 1885 974 1930 esso
1000 1867 1176 1950 putaverim
1206 1865 1247 1930 de
1282 1793 1368 1940 multi

215 1969 280 2034 sslis
302 1969 417 2034 Carum
440 1966 635 2044 nominibus,
665 1986 746 2049 quee
776 1987 816 2032 ex
845 1965 1053 2050 scriptoribus
1075 1973 1168 2032 ett
1127 1966 1230 2032 titulis
1253 1965 1333 2032 colle

215 2076 291 2137 runt
319 2068 583 2150 Heussoulier
616 2067 770 2150 [Bulletin
793 2068 833 2133 de
855 2089 934 2133 corr.
957 2065 1031 2133 heli
1051 2066 1106 2146 IV,
1138 2069 1326 2150 neo—320]
1352 2087 1365 2130 e

215 2171 331 2238 Olerc
353 2169 443 2253 [ibid.
460 2161 516 2249 v1‚'
538 2168 736 2254 191-193];
757 2188 831 2234 unm
846 2171 989 2252 quemvis
1011 2170 1052 2234 sd
1074 2191 1171 2235 uuum
1192 2169 1261 2235 fere
1285 2169 1358 2234 omn'

216 2275 292 2338 sctis
314 2271 379 2336 sint
399 2270 633 2350 memorabilia,
664 2270 750 2335 velut
772 2263 942 2352 Ἄλγανις,
967 2263 1195 2357 Ἰμβάρηλδας,
1220 2263 1361 2352 Τούναβα

218 2365 357 2453 Οὗάαος,
382 2367 585 2456 Παυνόμααα,
607 2368 767 2450 Ζόνζολος
788 2391 901 2439 novum
924 2371 1026 2437 lucem
1048 2371 1211 2454 nequead
1237 2393 1287 2452 ec,
1308 2391 1362 2453 qun

217 2474 403 2559 Apollonius
431 2473 522 2540 uobis
552 2473 685 2539 tradidit
712 2493 814 2555 neque
844 2474 885 2539 ed
915 2473 1106 2558 oppidorum
1133 2473 1266 2538 nomina
1287 2471 1362 2555 expli

217 2577 320 2642 cande
341 2576 415 2642 inde
436 2575 564 2660 aspergi
584 2573 771 2658 putaverim.

301 2799 494 2864 Revocemnr
528 2797 624 2878 igitur
658 2815 695 2861 eo
728 2794 811 2861 unde
847 2797 949 2864 exorsi
988 2817 1113 2876 sumus,
1150 2795 1192 2861 ad
1225 2793 1362 2880 Apollou'

217 2901 397 2983 fragmenta
417 2904 494 2966 note
515 2897 705 2964 illustranda
726 2917 808 2963 novc
828 2897 1010 2982 detegenda.
1186 2901 1187 2904 ’

218 3157 332 3212 Tuetces
343 3156 409 3225 Lyc.
421 3157 482 3222 044,
501 3154 567 3222 (nisi
585 3155 658 3223 quod
677 3171 729 3224 pro
746 3155 855 3210 Cretete
874 3156 976 3226 iegitur
986 3152 1102 3226 Κράτων
1118 3159 1163 3212 vel
1174 3158 1301 3229 Κρίτων.)
1317 3156 1361 3222 Ety

218 3244 354 3315 mologicc
375 3259 441 3298 usus
465 3242 538 3311 qnod
563 3258 645 3311 saepe
668 3241 742 3297 fecit.
766 3242 894 3297 Miiller
911 3242 956 3310 (fr.
978 3243 1025 3312 IV,
1053 3244 1115 3314 370)
1140 3245 1288 3315 adscripsit
1311 3244 1360 3310 hog

220 3335 344 3385 mentum
361 3328 479 3384 Cratetis
506 3328 588 3382 rebus
608 3329 752 3398 Boeoticis,
780 3345 896 3400 quorum
913 3348 998 3385 unum
1016 3334 1124 3384 tuntum
1143 3335 1220 3387 extet
1238 3331 1345 3386 frustnlu

218 3418 249 3472 iu
274 3416 360 3471 schol.
378 3415 443 3469 Hcs.
461 3415 565 3484 Theog.
586 3419 620 3483 5.,
645 3415 890 3470 chhsmuth:
915 3417 950 3471 de
968 3416 1039 3471 Oret
1059 3417 1097 3472 Μ.
1115 3434 1144 3486 p.
1161 3421 1192 3471 41
1214 3419 1352 3473 Orstetiss

218 3505 252 3560 11.
265 3507 299 3572 Β,
312 3505 364 3558 507
377 3501 581 3558 commentario.
617 3501 740 3572 Uterque
756 3522 822 3559 num
840 3505 899 3558 iure
917 3502 1022 3572 iecerit,
1041 3503 1146 3572 dubito,
1166 3506 1291 3574 equidem
1309 3504 1345 3557 eni

219 3588 374 3660 putaverim
396 3605 448 3659 pro
471 3589 580 3644 Cretete
603 3589 778 3645 scribendum
802 3608 861 3646 esse
883 3591 1069 3659 ‚Nicocratest
1104 3591 1205 3646 Vocem
1229 3587 1366 3660 Etymolopi

218 3676 329 3730 fluxisse
340 3691 375 3730 ex
387 3673 526 3744 Stephano
543 3677 628 3731 verbe
646 3676 680 3731 de
693 3681 775 3744 Arne,
793 3678 873 3733 Aeoli
889 3677 956 3744 fiiis,
974 3683 1003 3732 et
1020 3678 1088 3732 urbe
1101 3677 1259 3734 Thessalica
1274 3679 1366 3733 docent

219 3763 296 3818 Idem
314 3766 406 3818 cutem
426 3761 581 3832 Stephanus
599 3781 621 3817 s.
638 3781 663 3817 v.
683 3767 804 3816 Βοιωτία
823 3764 997 3820 Nicoentem
1022 3765 1075 3834 [ite
1093 3781 1155 3819 cnm
1175 3767 1235 3820 cod.
1253 3765 1353 3819 Vossicn

220 3854 320 3904 cestre
336 3847 425 3902 Rehd.
441 3849 618 3904 scribendum
635 3853 685 3915 est,
702 3866 766 3904 nem
783 3851 842 3905 cod.
861 3851 950 3906 Rehd.
970 3850 1052 3906 lectio
1063 3847 1247 3920 Νικόστρατος
1264 3849 1305 3906 vel
1317 3849 1366 3903 ideo

220 3935 291 3990 istae
310 3939 361 4003 est,
378 3933 452 4004 qnod
464 3935 512 3988 ille
529 3937 647 4005 scriptor
664 3937 747 4006 longe
763 3937 824 3992 eliis
842 3937 877 3992 de
894 3939 977 3992 rebus
994 3939 1060 4008 egit.
1078 3937 1115 3992 cf.
1130 3938 1170 3992 st.
1190 3954 1212 3991 s.
1228 3951 1253 3993 r.
1265 3935 1363 4007 Γάγγρα

223 4023 326 4078 mccvit
343 4020 431 4091 igitur
447 4020 593 4092 hemetre]
609 4021 691 4077 effert
707 4025 743 4078 de
761 4025 872 4092 Boeoto,
891 4025 1022 4095 Neptunii
1040 4029 1070 4079 et
1087 4027 1175 4078 Arnes
1192 4024 1257 4091 filio,
1275 4027 1364 4078 testeu-

219 4109 416 4178 F'regmemun
443 4107 529 4176 igitur
554 4110 692 4177 pertinere
719 4117 788 4181 puto
817 4111 853 4167 ed
876 4111 1030 4168 Nioccrctis
1055 4113 1191 4182 περὶτοῦ
1213 4111 1243 4166 ἐν
1263 4108 1364 4163 Ἑλικῶνι

108 4235 111 4238 -
217 4194 326 4268 dysme
342 4193 454 4252 librum·
