2748 4714
594 236 634 300 19

39 420 121 484 Arati
141 420 173 484 in
195 420 368 486 Diotimum
390 419 563 506 distichon)
592 427 624 488 et
653 421 932 505 cum-Etymologo
955 423 1010 505 [cf.
1031 427 1096 486 τῶν
1119 419 1197 488 idd-

38 544 97 584 των
117 513 293 605 derideres}
328 523 448 587 Deinde
470 524 533 588 duo
554 525 587 588 iu
608 523 770 607 Stephano
785 524 995 607 Epaphroditi
1018 527 1197 592 testimonia
1263 605 1265 608 Ι

36 622 130 700 dirisi,
152 643 233 704 quae
254 626 468 708 suppeditavit
482 625 559 689 mihi
575 625 796 709 Etymologus;
819 626 953 692 alterum
977 627 1060 691 enim
1083 627 1197 708 legitur

36 725 66 788 in
87 730 174 789 textu
194 727 281 808 ipso,
310 727 445 792 alterum
473 746 531 791 suo
554 747 641 792 more
662 726 860 792 Gaisfordius
881 728 914 791 in
936 729 1197 794 annotationibus

34 825 129 891 latere
149 826 258 892 voluit.
294 829 351 913 (cf.
373 829 446 906 22],
468 849 555 893 ann:
585 829 674 893 addit
695 829 723 894 V
745 877 771 893 ..
786 879 813 897 ..
836 851 918 912 quae
940 831 1064 911 quidem
1088 831 1196 895 eadem

33 934 104 991 sunt
123 933 219 1010 atque
239 929 274 994 in
295 929 457 1014 Stephano
480 952 510 1012 p.
536 931 606 1008 199,
628 931 649 996 5
671 930 763 996 Mein.
789 932 960 1016 leguntur.)

112 1045 246 1112 Totam
268 1054 373 1113 autem
387 1049 564 1113 doctrinam
580 1049 848 1132 Epaphroditi
870 1049 966 1114 fuisse
981 1055 1017 1114 ut
1033 1051 1198 1115 credamus

31 1148 111 1212 effici
132 1149 211 1213 mihi
232 1150 357 1215 videtur
378 1171 533 1216 consensu
555 1150 707 1232 Stephani
730 1173 802 1216 cum
824 1151 943 1216 scholio
965 1153 1006 1217 ad
1027 1151 1064 1217 Il.
1081 1155 1120 1230 Θ,
1143 1152 1196 1231 48,

29 1250 113 1316 Serv.
135 1250 179 1316 ad
201 1250 313 1335 Georg.
331 1253 358 1330 1,
383 1253 444 1316 102
465 1260 497 1317 et
517 1251 679 1317 Macrobio
694 1252 747 1330 lV,
771 1254 812 1316 20
826 1253 909 1318 inter
923 1273 1002 1334 quos
1017 1252 1198 1319 Macrobius

29 1373 66 1416 ex
87 1353 249 1418 uberrimo
272 1354 498 1418 commentario
520 1354 642 1418 videtur
662 1353 804 1418 hausisse
814 1356 867 1440 ²⁹).=

110 1491 144 1554 Δ
149 1485 244 1555 οιολί
250 1513 282 1570 ς,
300 1485 418 1565 πόλις.
432 1539 439 1552 .
452 1539 459 1552 .
473 1489 588 1554 δασεῖα
600 1483 669 1576 dds}
688 1487 795 1566 πόλις.
820 1484 1017 1574 [Αἰσχύλος
1030 1487 1198 1568 Δαῦλοςό

24 1584 131 1678 όπήιο]
153 1587 212 1656 καὶ
234 1588 397 1676 γενειάδος
419 1587 565 1677 πυθμήν.
607 1582 628 1676 ἢ
649 1587 819 1655 Διαολίδα.
854 1585 906 1655 ότι
927 1595 1000 1668 ταῖς
1022 1587 1079 1656 ‹tt›
1101 1585 1198 1657 ἀδελ-

23 1697 104 1778 φαῖς
137 1691 210 1759 ἐκεῖ
241 1689 440 1780 οονηολίοθη
471 1688 489 1758 ὁ
523 1689 650 1780 Τηρεύς.
700 1685 798 1756 ἔνθεν
830 1687 886 1756 καί
915 1716 1001 1770 τινες
1028 1689 1200 1759 Δαολιόδα

21 1794 191 1861 καλοῦσιν.
234 1791 291 1859 καὶ
311 1786 330 1882 ἡ
356 1791 454 1872 πόλις
475 1798 530 1858 νῦν
551 1791 602 1878 [δὲ
616 1795 707 1860 codd.
723 1800 797 1858 ante
812 1798 868 1856 νῦν
885 1795 1049 1880 exhibent]
1071 1793 1199 1861 Δαυλία

20 1896 185 1963 καλεῖται.
230 1893 285 1962 καὶ
308 1891 455 1960 Acutius
476 1893 617 1982 κορώνην
645 1889 720 1960 ἀντὶ
741 1899 800 1960 τοῦ
821 1889 944 1981 αἠόόνα
962 1891 1199 1984 Ἀριστοφάνης

18 1995 75 2064 διὰ
97 1997 161 2062 τὸν
182 2001 320 2082 paidos}

106 2099 269 2185 Stephani
306 2099 402 2164 verba
439 2120 478 2163 ex
508 2098 695 2182 Etymologo
732 2100 927 2165 restituenda
964 2121 1031 2164 esse
1067 2107 1200 2184 apparet

16 2201 138 2267 collato
163 2201 344 2268 Eustathio.
375 2205 414 2280 B,
438 2223 467 2284 p.
491 2201 570 2264 274:
595 2191 773 2279 Αἰσχύλος.
795 2200 927 2278 Δοῦλος
943 2196 970 2265 d'
985 2196 1093 2287 ὑπήιη
1117 2209 1198 2280 cett,

16 2305 70 2368 sed
94 2325 179 2369 num
206 2303 333 2369 omnino
364 2323 446 2384 quae
475 2300 658 2366 exciderunt
685 2303 807 2366 restitui
838 2303 960 2384 possint
980 2303 1051 2367 ideo
1074 2304 1200 2368 dubita-

16 2406 134 2484 verim,
168 2403 258 2488 quod
281 2403 490 2488 Etymologici
512 2402 608 2468 verba
630 2402 721 2468 valde
750 2404 860 2468 ordine
888 2424 944 2467 suo
966 2405 1095 2469 turbata
1117 2412 1199 2471 sunt.

16 2505 171 2571 Ueterum
199 2506 240 2570 of.
268 2505 383 2572 Strabo
412 2528 443 2588 p.
472 2506 544 2570 423.
587 2503 680 2570 Paua.
713 2507 763 2583 10,
792 2506 822 2586 4,
851 2507 881 2570 ἵ.
925 2505 1039 2569 Zenob.
1063 2504 1118 2584 III,
1151 2508 1199 2571 14.

16 2609 115 2674 schol.
141 2611 187 2687 Β,
212 2606 277 2672 520
298 2607 381 2686 ΑΙ).,
413 2609 467 2690 qui
490 2627 598 2672 omnes
626 2606 667 2670 ad
698 2628 795 2670 unum
818 2607 952 2672 redeunt
972 2606 1200 2689 Apollodorum

16 2717 201 2776 auctorem.

94 2825 138 2895 ‘E
145 2817 275 2913 λληιό
285 2826 409 2905 πολις
431 2829 470 2896 cf.
494 2827 587 2894 Mein.
611 2849 641 2910 p.
663 2827 735 2893 268.
759 2849 834 2892 ann.
859 2828 910 2892 12.

81 3075 123 3144 ⁹⁹)
142 3071 243 3130 Valde
266 3071 445 3124 memorabile
469 3074 518 3137 est,
543 3071 616 3138 quod
633 3070 713 3124 Arati
731 3069 804 3138 apud
822 3067 992 3137 Stephanum
1010 3069 1058 3136 qui
1075 3086 1149 3123 nunc
1164 3070 1200 3123 le·
1213 3123 1223 3136 ,¹

16 3167 120 3228 :untur
148 3174 254 3212 versus
273 3157 378 3212 distant
396 3158 431 3210 ab
450 3157 604 3222 EustathiO,
625 3157 672 3224 qui
689 3155 858 3224 Stephanum
878 3156 1032 3225 exscripsit,
1052 3157 1202 3221 Macrobio,

16 3255 92 3320 ruem
120 3267 163 3303 ex
186 3244 275 3300 simili
297 3245 494 3298 commentario
517 3243 702 3313 geographico
728 3241 851 3295 hausisse
869 3241 1011 3311 probabile
1030 3247 1080 3310 est,
1100 3245 1202 3297 Antho-

16 3338 94 3408 ogia.
114 3334 187 3388 Pal.
211 3331 258 3396 xl,
277 3334 337 3385 437.
374 3331 469 3398 Neque
492 3347 551 3383 rem
574 3329 721 3384 diiudicari
744 3346 824 3398 posse
842 3330 1055 3383 existimauerim
1074 3331 1127 3382 nisi
1145 3331 1202 3387 Ste-

16 3426 94 3478 hani
122 3435 210 3490 quae
233 3417 270 3471 ad
293 3435 343 3471 noe
365 3421 550 3484 pervenerunt
569 3415 737 3484 exemplaria
756 3416 940 3482 corruptelam
959 3417 1077 3469 traxisse
1096 3421 1203 3470 statue-

16 3515 106 3568 imus.
158 3508 200 3561 In
227 3521 276 3558 suo
300 3506 374 3558 enim
396 3502 532 3572 Stephani
556 3504 631 3557 libro
649 3502 810 3556 Eustathius
837 3503 907 3570 legit
926 3521 932 3553 :
949 3499 1042 3562 Αἰάζω
1060 3501 1203 3574 Διότιμοοι,

17 3599 114 3656 einde
159 3595 262 3648 autem
299 3589 433 3658 Stephani
469 3589 613 3643 lectionem
642 3591 741 3641 παισὶν
778 3593 941 3660 Γοργαρέοι
974 3606 1025 3658 pro
1044 3594 1205 3660 Γοργαρέωι

16 3690 123 3748 παισίν,
146 3678 234 3750 quod
247 3677 403 3732 Macrobius
414 3681 443 3732 et
454 3676 567 3731 Anthol.
581 3676 722 3744 exhibent,
740 3678 871 3743 sequitur.
908 3677 1004 3743 ltaque
1023 3677 1206 3747 Epaphroditi

16 3775 173 3832 actionem
197 3765 317 3819 eandem
335 3780 395 3818 esse
413 3768 496 3832 atque
514 3762 649 3818 Macrobii
668 3766 696 3816 et
708 3763 892 3832 Anthologiae
910 3764 1016 3831 opinor,
1035 3764 1204 3832 Stephanum

16 3879 71 3918 ero
93 3859 240 3914 alterum
256 3868 365 3906 rusum
383 3867 439 3906 nou
454 3854 531 3905 recte
546 3868 580 3903 ex
592 3849 781 3919 Epaphrodito
798 3851 984 3919 descripsisse,
1002 3849 1094 3918 priora
1112 3857 1205 3904 autem

16 3949 92 4007 erbe
108 3941 255 4006 denique
265 3955 282 3993 a
291 3938 426 4009 Stephani
438 3936 559 3992 librariis
570 3940 701 4004 corrupta
713 3953 778 3990 esse.
798 3937 926 3990 Ceterum
938 3940 1043 4005 quanta
1054 3936 1208 3991 intercedat

16 4032 181 4094 militudo
205 4028 282 4081 inter
302 4025 438 4095 Stephani
454 4024 540 4078 verba
558 4024 686 4092 suppleta
703 4028 732 4078 et
750 4023 884 4078 Macrobii
903 4024 981 4076 illum
998 4028 1117 4077 veterem
1135 4041 1206 4078 oom-

16 4121 194 4184 ,0ntarium
218 4111 434 4182 geographicum
451 4111 529 4165 breui
545 4110 721 4179 perspicitur.
758 4110 946 4164 Lueutnnerus
964 4111 993 4179 (l.
1007 4111 1024 4163 l.
1043 4128 1071 4180 p.
1090 4113 1132 4180 35,
1152 4113 1207 4180 36.)

16 4232 96 4286 ,que
118 4201 238 4264 omnia
253 4200 397 4270 congessit,
416 4214 503 4267 neque
521 4200 632 4254 omnino
650 4214 709 4253 rem
726 4197 876 4267 perspexit.

941 4298 1020 4355 2ss.
