2748 4714
600 207 641 270 37

55 382 243 472 Ἀλέξανδρος
264 386 298 453 ἐν
314 384 413 474 τρίτῳ
435 387 512 475 περὶ
533 384 603 456 At·
645 387 853 476 ἀρχιερεὺς
869 390 925 457 καὶ
947 375 1120 477 ἶστοριιὶός.
1158 392 1208 478 γέ·

56 488 228 575 γύπτουῡῡ).
271 488 309 554 τὸ
336 487 469 557 emente
490 497 603 578 Λητο-
643 517 746 580 ypape
759 492 920 579 Καρικά,
940 493 1017 581 περὶ
1027 491 1210 580 Τράλλεων,

56 587 187 678 πολίτης.
223 587 307 658 οὕτω
328 590 387 678 γὰρ
408 592 600 678 Hel-ricape-
644 593 720 680 περὶ
740 587 884 682 Ὀρφέως
910 595 966 661 καὶ
986 601 1052 661 τῶν
1072 598 1210 664 τελετῶν

55 699 147 776 τοςῡῦ)
176 691 231 758 καὶ
248 687 472 774 Ἀπολλώνιος
492 692 511 761 ὁ
534 691 603 781 α’ρ-
646 692 755 762 αὐτοῦ.

53 793 197 880 precede
211 790 396 879 ιλιγόμενος
422 791 604 884 ἀναγράφω·
790 807 792 813 ’

53 921 106 961 ror.
147 897 273 982 [Maium
295 893 499 986 ἀναγράφει]

124 1018 242 1095 Quibus
266 1017 305 1082 de
326 1020 398 1084 vitis
427 1021 573 1086 homines
596 1021 681 1087 docti
712 1023 758 1087 ita
780 1021 1006 1098 iudicaverunt,
1035 1027 1070 1086 ut
1093 1021 1208 1087 Suidae

53 1117 141 1181 verbis
162 1125 302 1184 ceterum
325 1121 552 1204 copiosioribus
584 1123 656 1206 plue
680 1123 753 1188 fidei
776 1121 978 1188 tribuendum
1000 1143 1068 1188 esse
1091 1129 1209 1188 statue·

53 1220 203 1296 rentiam
227 1221 309 1285 enim
333 1222 560 1288 d’0rvillius
582 1225 779 1307 [charitonis
801 1223 849 1288 ed.
871 1245 902 1306 p.
927 1225 986 1289 198
1008 1225 1049 1289 cf.
1074 1223 1209 1289 Stiehle:

53 1320 151 1386 Philol.
174 1322 230 1399 IX,
255 1345 283 1405 p.
304 1323 384 1406 485]
413 1324 618 1407 Apollonium
639 1323 872 1410 Aphrodisiade
902 1327 933 1388 in
964 1324 1081 1408 oppido
1103 1325 1210 1408 ponti-

52 1421 128 1488 ficem
151 1425 326 1489 maximum
348 1423 445 1489 tuisse
467 1425 563 1503 dixit,
587 1435 693 1492 secuto
715 1425 888 1504 themello,
911 1427 966 1508 qui
988 1447 1048 1510 pro
1070 1418 1209 1509 ἀναγρά-

52 1545 133 1607 perm
158 1524 254 1590 scribi
278 1525 389 1590 maluit
409 1518 596 1612 ἀναγράφει.

122 1625 183 1691 Sed
224 1627 307 1692 hanc
344 1629 556 1693 coniecturam
592 1628 794 1694 falsissimam
831 1649 898 1694 esse
936 1630 1096 1708 existimo,
1134 1651 1206 1692 nam
1317 1663 1320 1668 ·

51 1727 165 1792 verbum
188 1728 268 1793 illud
283 1721 503 1814 drcypdparar
526 1750 581 1812 per
597 1734 700 1794 totum
714 1729 908 1813 Stephanum
923 1730 1068 1794 consulto
1084 1751 1207 1813 semper

50 1828 87 1891 ita
105 1831 293 1910 peniteret,
315 1829 347 1893 id
363 1830 446 1911 quod
463 1831 636 1895 rectissime
655 1830 834 1896 observavit
847 1831 961 1896 Niese
975 1831 1038 1912 (De
1053 1831 1206 1914 Stephani

51 1928 112 2012 Byz.
135 1936 220 1996 auct.
242 1953 273 2014 p.
296 1931 363 2016 32),
386 1932 514 2014 proprie
535 1931 575 1995 de
602 1932 647 1995 eie
676 1929 801 1998 dicatur
830 1933 885 2014 qui
912 1933 946 1998 in
973 1932 1078 1998 indice
1099 1932 1207 2015 aliquo

50 2038 235 2096 enarrantur.
290 2032 400 2116 ltaque
432 2055 504 2098 cum
538 2033 577 2097 de
608 2033 760 2117 Stephani
793 2035 950 2117 scriptura
983 2035 1121 2116 gemmm
1153 2036 1206 2098 vix

50 2129 176 2199 dubitari
213 2135 326 2215 possit,
374 2143 538 2218 praeterea
575 2139 681 2200 autem
717 2134 957 2218 ethnicographi
993 2136 1206 2199 testimonium

49 2237 191 2299 vetustate
214 2235 365 2313 excellat,
396 2257 446 2301 res
475 2236 618 2319 profecto
640 2255 698 2318 pro
720 2235 802 2300 salsa
822 2235 959 2318 fictaque
980 2257 1044 2300 non
1066 2245 1115 2301 est
1136 2235 1207 2300 ahi·

48 2332 155 2400 cienda.
200 2335 309 2418 Neque
330 2338 425 2402 etiam
446 2338 560 2403 desunt
582 2344 669 2401 certa
690 2337 845 2419 quaedam
867 2337 1005 2419 vestigia,
1027 2333 1142 2419 quibus
1163 2337 1204 2402 ad

49 2433 190 2518 Stephani
213 2438 383 2503 testimonii
404 2439 489 2504 illius
511 2439 665 2504 ducamur
687 2439 847 2521 originem.

119 2536 226 2602 Niesio
248 2540 330 2603 enim
352 2545 492 2617 auctore,
515 2541 571 2622 qui
592 2539 631 2604 de
648 2538 829 2604 Philonis
850 2538 990 2623 reliquiis
1012 2540 1205 2623 eStephano

49 2637 223 2721 colligendis
234 2641 358 2723 egregie
379 2640 527 2706 disseruit
545 2641 581 2724 [l.
595 2641 615 2705 l.
630 2662 660 2724 p.
674 2641 812 2725 30sqq.]
834 2661 871 2707 eo
893 2641 1030 2725 perveni,
1052 2645 1088 2705 ut
1109 2642 1205 2708 etiam

49 2734 118 2802 hauc
140 2740 301 2823 Apollonii
322 2741 436 2818 vitam,
465 2762 547 2822 quae
568 2741 697 2806 verbum
728 2741 808 2806 illud
836 2733 1058 2826 ἅναγράφεται
1080 2741 1205 2807 Philoni

49 2849 223 2924 usurpatum
255 2841 309 2924 [ef.
333 2842 440 2925 Steph.
468 2863 493 2906 s.
516 2864 544 2906 v.
562 2837 737 2924 Ἅπισσα]
764 2843 914 2926 praebet,
947 2842 1090 2908 Philonis
1124 2843 1206 2907 libro

49 2941 114 3024 napi
135 2939 266 3008 πόλεων
286 2941 341 3007 καὶ
363 2934 421 3020 οὓς
439 2937 558 3027 ἑκάστη
574 2935 680 3006 αὐτῶν
695 2939 844 3023 ἐνδόξους
856 2937 985 3028 ἤνεγκεν
1006 2945 1205 3010 tribuendam

49 3062 105 3109 esse
130 3046 317 3128 putaverim.
366 3045 466 3122 Quam
496 3066 562 3110 rem
592 3046 658 3109 veri
687 3065 755 3109 esse
784 3043 975 3110 simillimam
1008 3067 1118 3123 nemo,
1151 3047 1205 3129 qui

48 3141 130 3210 Nimii
153 3147 459 3228 argumentationem
479 3146 729 3229 perlustraverit,
753 3146 893 3229 negabit,

121 3247 168 3312 De
190 3246 349 3330 Apollonii
378 3247 566 3332 pontificatu
592 3249 649 3313 illo
688 3248 825 3312 maximo
852 3267 945 3330 quem
974 3267 1038 3312 uno
1071 3254 1204 3331 uterque

48 3349 126 3412 testis
161 3369 318 3414 consensu
352 3350 499 3428 tradidit,
536 3350 680 3432 quamvis
716 3348 794 3412 falsa
833 3349 937 3414 adhuc
972 3348 1099 3432 prolata
1131 3352 1204 3429 sint,

48 3446 177 3514 iudicatu
214 3469 278 3514 non
313 3457 378 3514 tam
416 3450 545 3516 difficile
580 3457 637 3516 est.
692 3449 848 3533 Cogitavit
882 3456 987 3515 autem
1024 3450 1206 3518 d'Orvillius

48 3545 166 3615 Suidam
193 3557 320 3617 secutus
352 3551 413 3617 hoe
440 3572 568 3618 munere
598 3572 669 3617 eum
696 3551 838 3617 functum
869 3571 937 3616 esse
964 3551 1205 3635 Aphrodisiade.

47 3694 263 3710 ..ῃ-ι-

104 3793 138 3860 ω)
154 3793 262 3847 hlonuit
269 3809 313 3848 me
323 3791 549 3846 Wilamowitains
558 3789 739 3845 memorabile
751 3805 818 3855 esse,
836 3790 910 3858 quod
922 3789 975 3844 hoe
987 3790 1045 3846 eolo
1061 3791 1123 3848 loco
1142 3795 1206 3864 περὶ

48 3874 183 3946 Αἰγύπτου
205 3879 310 3934 dictum
334 3880 371 3932 sit
395 3896 445 3949 pro
463 3880 668 3948 Αἰγυπτιακῶν.
693 3877 773 3944 Sane,
792 3893 842 3946 pro
860 3874 992 3930 Λυκιακῶ
1014 3893 1081 3932 vero
1099 3880 1206 3935 duobus

47 3963 105 4019 loeis
122 3984 148 4036 p.
168 3969 228 4032 880,
248 3969 289 4022 10.
308 3967 368 4032 428,
388 3968 404 4019 ὅ
422 3965 591 4034 Stephanum
610 3963 742 4018 hahemus
765 3964 932 4018 scribentem
948 3961 1123 4036 Ἀλέξανδρος
1141 3970 1205 4040 περὶ

47 4055 151 4112 Λυκίας.

105 4157 140 4228 ⁸⁴)
158 4158 198 4214 De
214 4158 369 4228 Polystrato
386 4157 435 4213 illo
452 4154 523 4212 nihil
541 4154 620 4210 nobis
638 4156 733 4209 notum
752 4158 803 4208 est.
