2748 4714
764 177 808 242 50

285 365 431 432 Cetemm
452 366 492 431 de
513 364 640 448 oppido,
662 365 752 430 cuius
773 365 859 448 regio
880 383 1012 448 prorsus
1032 363 1200 446 incognita
1223 365 1283 436 est,
1301 355 1361 442 quil

199 476 283 533 esset
304 467 507 533 statuendum
529 487 621 532 nemo
643 465 748 531 adhue
769 466 1010 550 exples-avitu).

578 662 742 729 Xl-XIV
764 663 1002 755 desiderantur.¹

750 851 819 918 XV.

657 971 703 1037 19.
735 970 793 1052 [M.
820 971 858 1034 10
867 972 912 1052 a]

276 1086 441 1174 “Aprrooc,
465 1089 565 1168 πόλις
586 1085 721 1172 Καρίας,
744 1080 814 1152 ἀπὸ
829 1082 1001 1173 Ἅρπασον
1023 1090 1188 1168 ποταμοῦ,
1218 1083 1361 1169 πρότερα

200 1196 356 1278 Δαφνοῦς
385 1191 594 1273 καλουμένου.
633 1183 757 1276 εἴρηται
780 1189 817 1253 δὲ
838 1186 892 1253 διὰ
914 1187 953 1254 τὸ
974 1182 1132 1270 ὀξύτατον
1153 1193 1219 1254 τοῦ
1241 1192 1303 1276 ῥοῦ
1322 1187 1361 1252 κα

199 1291 250 1360 ὅτι
272 1288 412 1379 ἁρπάζοι
434 1289 511 1369 τούς
531 1285 713 1374 παριόντας
733 1282 834 1376 αὐτῷ.
878 1287 982 1368 οὕτως
1003 1285 1128 1374 ἲστοριῖ
1147 1282 1361 1366 Masticium

71 1432 76 1440 ·
200 1393 235 1461 ἐν
256 1396 304 1480 τῷ
325 1391 472 1479 πέμπτῳ
491 1389 547 1457 καὶ
570 1389 696 1478 δεκάτῳ
716 1393 784 1456 τῶν
805 1393 968 1478 Καρικῶν.
1013 1389 1065 1477 [sd
1091 1388 1232 1457 ἕθνικὸν
1250 1385 1361 1476 ‘Apim‘

200 1495 274 1574 oeric
295 1491 340 1574 ὥς
361 1491 508 1560 Μύλασα
528 1494 559 1578 ·]
578 1531 593 1544 ·
1360 1533 1361 1544 ι

286 1597 334 1661 Ex
361 1594 484 1662 duobus
504 1595 690 1660 testimoniis
712 1593 836 1678 (Steph.
859 1592 910 1660 Et.
933 1593 991 1677 M.)
1013 1614 1110 1658 unum
1139 1593 1361 1666 conficiendum]

201 1720 269 1765 esse
291 1696 464 1763 monstravi
479 1718 509 1779 p.
526 1699 573 1762 11.
612 1695 756 1761 Ceterum
779 1715 893 1774 novum
918 1695 1092 1778 accipimus
1113 1696 1255 1762 eundem
1278 1695 1361 1776 scrip*

201 1805 312 1878 torem,
335 1799 389 1882 qui
412 1817 504 1862 voces
526 1796 697 1881 populares
718 1803 785 1861 tam
807 1795 953 1879 religiose
974 1795 1016 1860 ad
1038 1796 1233 1880 oppidorum
1250 1796 1361 1864 nomine

202 1900 392 1985 explicanda
420 1896 648 1981 exploraverit,
680 1900 803 1964 ratione
832 1918 905 1962 vere
930 1897 1052 1963 Graeca
1080 1919 1119 1962 ex
1147 1899 1282 1963 nomine
1308 1897 1361 1978 ipsi

202 2003 443 2087 explicationem
467 1997 528 2064 sibi
549 1997 684 2063 finxisse.
718 1998 839 2082 Oppidi
854 1999 950 2064 ceteri
965 2004 1061 2063 testes
1077 2005 1152 2064 suut
1170 1999 1241 2065 Liv.
1257 1998 1308 2076 38,
1326 1998 1359 2060 13

203 2104 282 2170 Plio.
310 2125 340 2168 n.
368 2103 398 2169 h.
420 2100 458 2180 V,
493 2101 571 2166 109:
604 2100 792 2184 Harpasa
821 2099 1007 2184 adposita
1037 2100 1160 2166 fluvio
1189 2101 1361 2268 Harpen]

203 2206 239 2284 Q.
260 2205 450 2290 Smyrnaeus
474 2204 523 2281 10,
548 2201 618 2267 144.
1360 2271 1361 2328 1

743 2370 828 2436 XVL
940 2377 943 2384 ’
1017 2463 1020 2468 .

670 2491 723 2554 ιο.
754 2489 812 2572 [M.
836 2492 900 2572 ru]

288 2606 442 2693 Λάγινα,
473 2603 643 2688 πολίχνιον
664 2601 799 2690 Καρίας.
836 2600 1061 2684 Ἀπολλώνιος
1086 2611 1243 2690 Καρικῶν
1264 2601 1348 2671 ἔκκαι

201 2709 336 2797 δεκάτῳ.
384 2707 422 2775 τὸ
455 2704 587 2775 ἑθνικὸν
615 2710 799 2793 Λαγιναῖος
831 2706 886 2772 καὶ
918 2703 1102 2795 Λαγινίνης
1131 2706 1189 2774 καὶ
1220 2707 1361 2796 θηλυκῶς

201 2814 388 2897 Λαγινῖτις.
444 2810 631 2892 quibuscum
665 2810 932 2893 componendum:
963 2801 1002 2876 ‘E
1009 2805 1155 2897 uesperi
1162 2834 1193 2876 α.
1227 2861 1267 2878 ..
1297 2803 1347 2872 rod

201 2913 316 3000 ydp(?)
338 2906 507 2993 πνίξαντες
534 2905 566 2974 oi
589 2913 699 2996 Κᾶρες
726 2909 785 2998 τὴν
806 2910 887 2976 θεὸν
908 2914 1086 2995 Λαγινῖτιν
1116 2908 1275 2979 ἐκάλεσαν
1300 2903 1359 2974 ἄπ’

201 3016 261 3080 τοῦ
293 3004 455 3101 φυγόντος
486 3006 577 3097 ζῴου.
599 3009 666 3076 ἐκεῖ
697 3009 753 3076 καὶ
781 3009 823 3076 τὰ
851 3006 1027 3098 ‘Exanimes
1062 3012 1234 3092 τελοῦντες
1272 3007 1324 3076 ote

202 3111 383 3197 ω’νόμαοαν.
428 3107 460 3198 [d
491 3107 630 3199 πολίτης
659 3107 872 3201 Ἑκατήσιος]
923 3114 1039 3179 Vocem
1070 3115 1103 3178 in
1137 3115 1264 3182 brevius
1295 3131 1345 3176 con

200 3224 337 3282 traotm
367 3235 434 3280 esse
467 3235 506 3286 ex
538 3213 641 3280 verbis
672 3215 736 3280 illis
763 3208 824 3278 ἀπ.
847 3238 877 3280 τ.
903 3239 978 3303 φογ.
1001 3214 1024 3295 ζ.
1047 3238 1072 3280 s.
1106 3237 1264 3300 apparere
1293 3209 1358 3278 mih'

200 3319 338 3395 videtur,
365 3315 536 3398 inquibus
563 3317 698 3382 nominis
729 3315 882 3382 derivatio
914 3318 997 3383 inest
1024 3319 1102 3384 satis
1132 3318 1269 3384 breviter
1287 3311 1361 3390 indie

200 3425 281 3484 cata
325 3418 431 3502 Digna
460 3423 545 3484 certe
571 3425 619 3484 eet
645 3418 844 3484 antecedenti
872 3440 936 3484 non
958 3420 1061 3484 minus
1081 3420 1200 3502 inepta
1245 3421 1306 3485 Get
1326 3411 1358 3477 et

1360 3545 1361 3584 l

200 3519 315 3587 Strabo
337 3541 368 3603 p.
390 3519 506 3584 66οα
528 3519 622 3585 huius
643 3518 865 3604 disputationis
887 3541 962 3585 ann.
986 3522 1036 3586 81.
1328 3545 1331 3552 ⁴

1360 3623 1361 3676 l

271 3775 304 3840 ⁸⁶)
324 3775 386 3830 Non
399 3774 537 3829 consentit
550 3774 701 3829 Meinekius
716 3775 750 3831 de
768 3775 810 3828 hie
829 3776 995 3831 testimoniis
1013 3775 1168 3845 afferendis,
1187 3777 1236 3830 sed
1248 3771 1356 3846 praefert

199 3859 353 3932 Νάναραος.
389 3860 443 3916 Sed
470 3877 533 3914 cum
555 3861 591 3916 de
614 3863 710 3931 oppidi
728 3863 784 3916 situ
802 3862 872 3916 nihil
891 3864 1003 3917 omuino
1020 3856 1169 3916 hebesmus
1188 3865 1356 3932 exploratum,

201 3948 348 4002 dubitandi
373 3948 449 4002 nulla
471 3949 538 4002 mihi
562 3949 672 4004 videtur
694 3949 806 4003 subesse
830 3965 921 4003 cause.
964 3950 1093 4004 Fortasse
1118 3951 1190 4003 enim
1213 3951 1277 4004 inde
1292 3941 1354 4014 quod

201 4035 305 4102 Lydiae
324 4034 456 4104 oppidum
475 4033 544 4088 dicit
562 4033 734 4090 Ptolemaeus
752 4036 882 4104 colligere
901 4037 966 4090 licet
982 4037 1098 4092 duarum
1117 4030 1353 4105 provinciarumin

201 4121 319 4190 confinio
338 4120 422 4176 luisse
439 4120 599 4178 Necrasum.
