2748 4714
799 231 839 296 12

834 409 994 502 Ἀλφειός.
1047 409 1249 498 πρόσκειται
1289 439 1339 500 τρι

840 518 926 600 lupa
947 514 1060 584 διὰτὸ
1081 512 1282 601 Σαγγάριος.

319 656 386 721 Iam
417 679 530 735 uuum,
561 662 598 721 ut
619 657 652 720 in
674 655 786 721 itinere
808 676 937 737 pergam
959 655 1122 732 instituio,
1144 654 1287 720 afferam
1314 657 1339 721 lu

235 759 288 840 qui
316 779 375 841 pro
403 759 548 823 omnibus
577 759 632 840 qui
661 763 809 823 secuntur
838 757 981 839 exemplo
1009 757 1063 832 sir,
1094 757 1146 822 hie
1167 756 1238 821 illic
1266 765 1340 840 etp

235 865 267 924 et
289 862 440 941 pauciora
462 882 556 942 quam
579 863 714 943 quaein
736 860 899 943 Stephano
928 859 1131 923 inveniuntur
1152 858 1316 924 exhibere
1339 859 1340 868 ’

233 961 409 1044 mologum:

328 1097 459 1180 Steph.
483 1099 526 1164 ci.
552 1097 703 1164 Berkel.
1066 1096 1101 1160 E.
1124 1095 1165 1160 Μ.

277 1194 520 1284 Δαμασκόςῑὸ),
549 1195 648 1276 πόλις
670 1194 796 1282 Συρίας,
890 1192 1088 1278 Δαμασκός,
1132 1195 1233 1273 πόλις
1285 1201 1341 1278 Eur

233 1297 416 1384 μεσόγειος,
460 1295 591 1384 όπερθε
634 1297 795 1388 Φοινίκης,
841 1298 931 1384 παρὰ
953 1297 1010 1365 τόν
1033 1295 1276 1381 Ἀντιλίβανον.
1326 1295 1341 1362 ε

234 1400 325 1488 παρὰ
355 1401 412 1468 τὸν
442 1399 603 1490 Βαρδίνην
636 1399 795 1490 ποταμόν.
839 1427 903 1481 ται,
923 1399 977 1469 ὅτι
991 1406 1110 1484 Δαμᾶς
1125 1399 1341 1483 στρατεύωνγ

232 1499 414 1592 ὠνομάσθη
443 1504 479 1570 δὲ
506 1501 559 1570 ότι
581 1496 629 1582 εἷς
651 1510 716 1569 τῶν
740 1511 770 1569 Γ
767 1532 794 1570 ι-
836 1507 999 1570 Διονύσου
1022 1503 1128 1570 ἐκεῖσε
1156 1501 1283 1590 σκηνὴν
1307 1526 1341 1566 ππ

232 1603 357 1690 γάντων
372 1601 492 1686 Ἀσκδς
513 1602 617 1690 όνομα
638 1603 706 1682 ἅμα
720 1613 793 1674 Λο-
837 1630 933 1688 μενος
944 1602 1099 1690 ἱδρύσατο
1112 1602 1180 1672 ἐκεῖ
1190 1603 1342 1688 Συρίαςλ

233 1705 357 1795 κούργῳ
398 1706 502 1796 δήσας
538 1707 594 1776 τόν
631 1706 793 1775 Διόνυσον
837 1707 959 1791 ξόανον.
1014 1706 1033 1794 ἡ
1073 1697 1131 1774 ούν
1163 1710 1273 1789 Δσμᾶ
1313 1729 1342 1771 σι

233 1807 365 1898 ἔρριψεν
395 1807 442 1889 εἷς
474 1810 530 1877 τὸν
560 1808 724 1892 ποταμόν,
757 1801 794 1878 ὃν
837 1806 1028 1892 Δαμασκός.
1078 1805 1100 1897 ἢ
1124 1806 1177 1876 ότι
1205 1802 1333 1885 Ἀσκδς

233 1909 333 1989 λύσας
360 1913 477 1999 Ἑρμῆς
506 1911 563 1978 τὸν
593 1907 706 1978 Ἀσκδν
737 1919 795 1978 τού
837 1919 903 1978 τῶν
922 1910 1088 1998 γιγάντων,
1104 1904 1141 1988 ὃς
1154 1909 1239 1994 μετὰ
1254 1917 1342 1978 Auru

233 2013 390 2099 δέρματος
411 2011 591 2099 ἐγύμνωσεν
612 2012 693 2082 ὅθεν
712 2015 796 2099 πρὸς
838 2039 895 2099 μου
917 2015 973 2082 τὸν
986 2012 1148 2081 Διόνυσον
1168 2010 1270 2100 ἔδησε
1292 2009 1343 2077 καὶ

232 2109 320 2182 οἶνον
331 2113 517 2203 ἐπιτήδειον
528 2114 567 2182 τό
579 2116 689 2200 δέρμα.
713 2140 795 2201 quae
838 2116 990 2200 ποταμόν
1003 2116 1153 2199 ἐνέβαλεν
1162 2117 1217 2200 [cf.
1230 2116 1343 2182 Gaisfu

232 2225 382 2284 secuntur
404 2220 623 2285 desiderantur
644 2223 677 2284 in
702 2222 735 2286 u.
753 2221 794 2286 M.
837 2223 869 2286 in
892 2244 966 2288 anu.
982 2222 1023 2286 22
1046 2221 1162 2285 codicis
1186 2220 1212 2283 V
1235 2221 1343 2285 lectior

836 2346 907 2389 eum
947 2323 1101 2407 Stephani
1145 2322 1252 2388 verbis
1298 2341 1344 2402 par

836 2428 948 2493 melius
990 2427 1267 2508 consentientem]
1328 2418 1344 2485 ύ

836 2525 935 2614 verer]
966 2526 1003 2592 δὲ
1035 2522 1101 2592 ύπὸ
1131 2523 1251 2609 Ἑρμοῦ
1285 2518 1344 2588 'Au

835 2629 890 2694 καὶ
934 2625 1067 2713 ἒξεδάρη
1118 2628 1225 2712 [codd.
1281 2647 1344 2691 secu

835 2733 949 2796 (irrisir
972 2727 1027 2795 καὶ
1050 2725 1150 2808 δοκὸς
1171 2725 1321 2814 ἐξεδάρη]

785 2893 792 2902 .,
836 2833 903 2898 ἐκεῖ
925 2829 1039 2920 ἐτάφη.
1076 2829 1129 2895 καὶ
1145 2827 1182 2897 ἐκ
1196 2835 1258 2895 τοῦ
1281 2849 1344 2911 rap

835 2958 892 3012 τος
919 2932 936 3019 ἡ
968 2931 1064 3010 πόλις
1091 2930 1225 3020 ἐκλήθη.
1277 2929 1331 2995 καὶ

837 3033 989 3117 σλνοδόχα
1024 3036 1060 3101 δὲ
1099 3036 1243 3120 δέρματα
1283 3028 1344 3098 α’σκτ

836 3138 982 3205 καλοῦσι.

726 3407 928 3416 ...ι-,-

317 3751 404 3828 Quae
434 3751 467 3815 in
496 3750 675 3816 universum
705 3749 849 3817 sufficere
879 3751 956 3816 mihi
984 3753 1130 3817 videntur
1156 3751 1240 3817 unde
1267 3754 1344 3816 demi

231 3859 348 3918 suetur
380 3852 421 3916 ab
452 3852 630 3917 hominibus
662 3853 763 3917 doctis
795 3852 838 3918 ad
866 3854 1019 3936 Stephani
1050 3856 1149 3919 verba
1181 3855 1344 3920 oonfirmau

231 3953 452 4038 Etymologum
479 3953 593 4018 iniuria
620 3953 796 4038 adhibitum
826 3976 907 4032 esse,
937 3977 1007 4020 cum
1036 3957 1083 4021 ita
1112 3958 1217 4040 potius
1243 3979 1294 4022 res
1313 3972 1344 4018 eu

302 4198 334 4266 ν)
352 4196 392 4253 cr.
409 4196 584 4250 unm-nuum
604 4195 679 4264 spur
698 4195 777 4252 uuor
795 4199 862 4252 buu.
881 4217 908 4268 p.
927 4203 979 4254 ere
998 4217 1022 4254 ι.
1043 4204 1075 4255 ιι
1093 4202 1179 4256 eui.
1241 4185 1245 4192 '
