2748 4714
789 221 831 285 44

223 407 336 488 βριοι].
370 407 537 489 exscripsit
558 408 645 476 Eust.
661 408 734 486 985,
750 409 790 474 57
813 409 868 474 nbi
890 429 1056 492 perperam
1078 401 1369 493 legitnr’ipsspccc:

223 514 309 570 recte
339 507 422 572 idem
455 508 587 591 praebet
609 499 791 592 ’Ίμβροιμον
823 513 855 574 in
887 531 999 576 comm.
1029 509 1070 574 ad
1092 509 1194 574 ‘Dion
1225 510 1294 574 Per.
1321 513 1369 574 52<

225 608 369 673 Ceterum
393 609 471 674 haec
492 610 587 676 verba
608 631 672 677 non
694 613 740 676 ita
762 612 999 696 interpretanda
1022 633 1091 677 esse
1112 619 1149 676 ιιι
1164 612 1280 677 Carum
1294 615 1369 695 impe

222 711 305 774 rium
327 711 422 776 etiam
443 711 484 776 ad
505 711 625 776 insulas
646 713 798 777 Thraciae
824 715 1013 796 pertinuisse
1043 719 1230 791 statuatur,¹
1245 714 1369 778 Mercur

223 811 332 876 Imbrii
356 819 482 878 nomine
503 814 678 891 edocemur,
702 837 796 898 quem
820 815 947 898 quidem
960 808 1135 900 Ὀρθάννης
1158 823 1303 881 vocatum
1327 837 1369 880 ess

224 920 357 979 constat.
411 915 474 996 [of.
510 915 621 980 Bullet.
654 916 692 980 de
726 938 861 1001 corresp.
895 917 969 982 hell.
1005 916 1070 981 VII.
1101 918 1306 1000 inscriptions
1338 919 1369 981 de

224 1015 409 1098 clerouques
429 1014 596 1082 atheniens
618 1016 773 1083 d’Imbros
795 1041 824 1102 p.
843 1021 912 1084 166.
938 1020 1008 1084 167.
1046 1025 1077 1083 et
1100 1020 1213 1084 Athen.
1236 1039 1267 1101 p.
1284 1019 1369 1082 4411

223 1117 277 1181 ubi
306 1140 364 1201 pro
383 1114 554 1206 Όρθοὶνης
586 1120 725 1184 codicem
754 1121 902 1186 exhibere
923 1115 1118 1206 Ὀρθοὶννης
1146 1144 1230 1186 nova
1261 1123 1369 1187 Gaibeli

222 1221 400 1299 collatione,
422 1229 458 1286 ut
479 1244 529 1286 me
550 1222 659 1287 docuit
683 1221 947 1299 Wilamowitzius,
970 1224 1163 1306 patefactum
1185 1227 1259 1307 est]

308 1474 507 1562 Μάοταυρα,
543 1457 643 1555 πόλις
667 1472 813 1555 Λυδίας,
848 1469 918 1541 ἀπὸ
951 1480 1042 1556 Meis.
1089 1481 1152 1542 Μυῒ
1184 1477 1221 1544 δὲ
1253 1481 1297 1566 τῇ
1323 1475 1369 1543 ‘Pe

223 1577 353 1656 εἵπετο,
383 1569 403 1664 ᾗ
432 1575 601 1668 παρέδωκε
622 1575 703 1656 Ζεὺς
723 1574 884 1643 Διόνυσον
913 1577 1051 1664 τρέφειν.
1096 1577 1151 1643 καὶ
1172 1575 1192 1668 ἦ
1216 1581 1284 1646 Μᾶ
1305 1603 1369 1662 aopi

222 1680 282 1764 τῆς
300 1675 406 1760 Ἥρας
435 1677 640 1766 ἐρωτηθεῖσα
667 1676 756 1756 τίνος
788 1674 837 1764 εἴη
866 1676 905 1743 τὸ
935 1679 1057 1766 βρέφος
1078 1674 1193 1763 ’Ἀρεος
1220 1677 1296 1769 ἔφη.
1335 1705 1369 1742 κο

224 1777 322 1862 νεαροὶ.
339 1779 466 1861 Καρσὶν
495 1779 512 1846 o‘
536 1778 698 1860 Διόνυσος
721 1776 920 1864 Μάοαρις
941 1777 1038 1846 ἔνθεν
1060 1779 1192 1868 ἐκλήθη.
1216 1819 1232 1832 -
1254 1821 1301 1832 --
1341 1781 1369 1845 01

222 1877 367 1964 Lagarde
388 1882 459 1949 Ges.
481 1884 560 1949 Abh.
584 1906 615 1966 p.
636 1885 709 1949 268.

308 1984 492 2049 Rectissime
520 1991 623 2051 autem
652 1985 694 2048 ad
722 1985 807 2052 huno
837 1985 941 2051 locum
970 1991 1139 2051 annotasse
1166 1984 1247 2050 mihi
1270 1983 1369 2048 videtu

223 2084 414 2164 Meinekius‚
446 2110 510 2152 nou
543 2096 609 2152 tam
631 2087 752 2154 Xanthi
782 2108 799 2152 e
829 2086 921 2151 rebus
942 2087 1050 2171 Lydiis
1084 2087 1163 2151 haec
1191 2108 1263 2151 esse
1292 2087 1369 2170 petita

223 2209 319 2270 quam
342 2189 513 2256 Alexandri
536 2189 743 2275 Polyhistoris
773 2189 812 2258 de
834 2187 937 2284 Lydia
965 2197 997 2254 et
1025 2189 1119 2254 Caria
1146 2187 1357 2252 commentarii

223 2290 265 2352 At
285 2289 409 2372 longius
429 2291 671 2373 procedendum.

307 2391 484 2456 Alexander
512 2395 594 2457 enim
624 2392 678 2456 ille
709 2413 816 2456 omnes
846 2392 911 2456 fere
934 2392 1074 2474 undique
1096 2398 1268 2457 coacervat
1289 2392 1368 2471 scrip

221 2498 305 2558 tores
327 2513 443 2576 eosque
464 2495 497 2558 in
519 2515 608 2559 suum
632 2516 723 2559 usum
745 2493 905 2576 compilat,
929 2514 986 2557 suo
1008 2512 1080 2557 vero
1101 2493 1229 2572 iudicio,
1251 2494 1282 2558 id
1304 2487 1368 2574 quod

220 2592 303 2658 infra
326 2593 418 2657 etiam
442 2593 624 2671 videbimus,
647 2618 810 2678 nunquam
833 2597 897 2660 fere
918 2595 1040 2660 nititur.

308 2695 466 2777 Apollonii
489 2703 595 2760 autem
618 2704 752 2762 aetatem
776 2719 874 2780 supra
895 2693 1152 2760 circumscribere
1174 2698 1280 2761 conati
1296 2655 1368 2761 tertii

220 2817 250 2860 a.
268 2796 340 2860 our.
355 2818 385 2860 n.
409 2797 532 2861 saeculo
555 2798 737 2862 tribuimus:
759 2798 844 2862 unde
865 2798 958 2861 etiam
976 2796 1140 2860 honorem
1157 2797 1270 2863 miram
1284 2817 1334 2878 per
1346 2813 1367 2854 sc

221 2918 285 2960 non
311 2919 331 2961 a
353 2897 552 2981 Polyhistore
582 2921 653 2984 pro¹
670 2921 751 2964 nova
778 2905 941 2964 narratam
970 2898 1024 2962 sed
1054 2919 1120 2984 per⁴
1135 2899 1367 2988 Letopolitauun

221 2999 401 3064 Alexandro
424 2999 574 3064 traditam
598 2987 665 3064 esse
688 3001 751 3064 veri
776 3000 876 3064 simile
899 3007 955 3064 est.
992 2999 1074 3065 Sane
1096 3002 1179 3064 enim
1204 2999 1367 3068 reseraret

221 3099 330 3164 fabula
351 3100 433 3164 mira
454 3108 485 3165 et
504 3122 564 3166 vox
586 3123 716 3186 prorsus
737 3101 914 3186 incognita3
938 3087 1077 3166 ceterum
1090 3101 1180 3166 Rhea
1193 3096 1299 3182 Ἀμμᾰ
1318 3097 1367 3193 sive

216 3193 344 3282 Ἀμμάς
365 3203 610 3288 appellaturw).
655 3203 703 3268 Cf.
727 3203 841 3269 Strabo
864 3225 895 3286 p.
917 3203 989 3268 650.
1022 3201 1103 3266 Plin.
1125 3203 1163 3279 V,
1188 3203 1259 3268 120.

777 3355 826 3421 13.

306 3453 487 3538 Κάττουζα,
518 3453 617 3536 πόλις
643 3453 780 3544 Θρᾴκης,
801 3453 836 3522 ἐν
856 3447 877 3546 ᾗ
898 3453 1063 3544 κατῴκουν
1085 3453 1117 3523 οἳ
1139 3459 1310 3540 Πυγμαῖοι.
1340 3439 1363 3510 οἷ

220 3552 386 3644 οἰκήτορες
407 3555 617 3642 Κάττουζοι..
642 3553 723 3624 ὅθεν
746 3555 862 3636 δὲτὰς
888 3555 1039 3643 γεράνους
1065 3553 1186 3643 ὁρμᾶν,
1211 3554 1251 3624 τὸ
1269 3547 1364 3637 χιιιριίν

289 3830 321 3899 ²¹)
340 3831 381 3885 Cf.
398 3831 521 3885 Lobeck:
546 3831 608 3901 Agl.
631 3834 692 3885 582.
715 3833 776 3884 822.
803 3831 875 3898 apud
902 3830 1067 3898 Hesychium
1099 3835 1127 3884 et
1154 3831 1185 3884 11.
1210 3831 1248 3884 Μ.
1278 3827 1359 3896 legitur

216 3911 326 3988 Ἅμμάς.
348 3917 447 3987 [altero
471 3917 503 3970 u.
528 3919 565 3972 M.
591 3917 664 3972 loco:
686 3911 785 3987 Ἅμμᾶ.
808 3914 928 3988 lippata]
974 3918 1048 3973 ldem
1073 3923 1151 3972 extat
1174 3917 1282 3972 verbnm
1304 3907 1359 4006 apud¹

221 4004 362 4060 Simmiam
387 4005 437 4074 [cl.
455 4005 498 4058 ΑΙ.
516 4005 606 4059 Strom
636 4005 669 4071 V,
687 4004 726 4073 8.]
760 4001 864 4074 Appos
884 4007 888 4073 Ι
910 4001 1034 4074 ’lyricam
1058 4008 1105 4058 aut
1131 4007 1266 4073 'lilxlrow
1285 4002 1358 4070 ἕφνι

220 4087 304 4156 silvai]
326 4087 392 4159 ζάψ.
419 4093 467 4145 aed
493 4091 627 4152 ,nutricis‘
660 4091 752 4145 induit
774 4095 950 4145 mentionem.
976 4077 1022 4146 css
1037 4093 1240 4172 Preller-Piew:
1265 4081 1358 4154 Mythol.

218 4195 246 4246 p.
264 4178 325 4232 528.
344 4193 408 4230 ann.
427 4180 453 4232 2.
1163 4189 1166 4201 ν
