2748 4714
567 253 607 317 13

10 439 144 521 agenda,
172 447 207 506 nt
234 462 272 506 ex
298 440 421 506 duobus
447 441 634 505 testimoniis
663 438 855 505 conflaretur
882 461 979 506 unum
1007 439 1169 522 scriptoris

11 541 151 606 eiusdem.
195 542 284 620 Quod
315 563 427 607 munos
457 549 611 624 quantum
640 540 764 606 efficere
792 562 920 624 possum
949 541 1076 624 explere
1105 541 1168 606 iam

9 644 150 722 conabor,
180 665 251 710 aum
272 665 414 726 eaquae
436 665 474 708 ex
497 644 532 709 Ε.
554 643 595 708 Μ.
618 644 774 708 accedunt
794 644 883 708 uncis
909 643 1032 709 incluse
1052 641 1168 708 addam

8 745 264 826 explicationibus
291 747 417 812 nonnisi
445 746 628 811 necessariis
654 744 834 830 adscriptis.
885 744 1034 811 Ordinem
1063 750 1169 810 eutem

8 846 134 913 servabo
154 848 331 914 litterarum
353 869 391 912 eo
412 847 555 927 consilio,
578 867 642 929 quo
663 847 787 914 facilins
802 868 849 928 ea,
871 867 952 930 quaa
966 845 1008 911 ed
1023 845 1169 912 editionis

8 948 234 1028 quodammodo
254 949 472 1034 locupletioris
494 950 628 1032 speciem
652 957 849 1032 component,
878 947 1012 1014 inveniri
1036 949 1168 1031 possint.

85 1141 267 1233 [Ἅθριβι
279 1151 310 1232 ς]
333 1144 431 1225 πόλις
452 1141 641 1231 Αίγόπτου.
671 1144 845 1232 [γράφεται
868 1145 905 1212 δὲ
926 1145 981 1212 καί
995 1143 1169 1232 ’Ἀθλιβις

8 1231 54 1336 ic]
75 1243 220 1316 ὁπολιτ.
236 1242 331 1317 Ἀθλ.
354 1246 507 1334 Νικάνωρ
529 1296 623 1316 .....
637 1240 805 1333 ’Ἀθριβις
829 1245 932 1327 οὕτως
952 1273 981 1314 κ.
1000 1253 1073 1335 Στρ.
1094 1253 1169 1334 [τοῦ

8 1349 110 1429 iiico,
142 1356 201 1438 τῆς
229 1350 425 1438 νηοουμίκης
454 1345 626 1433 Αἰγύπτου
653 1347 725 1416 ἐστὶ
753 1345 880 1437 κεφαλή
886 1401 894 1429 ,
925 1348 1009 1416 κατὰ
1036 1349 1170 1434 καρδίας

7 1456 104 1538 τρῆμα
135 1458 202 1518 τῶν
231 1452 470 1536 περιεχομένων
497 1454 573 1540 <τῳ>
594 1449 705 1538 Νείλῳ
731 1449 1047 1538 καθισταμένωνῑλ).
1087 1447 1169 1518 ὅθεν

7 1551 52 1618 τόν
81 1553 184 1637 νομὸν
209 1548 409 1640 Ἀθριβίτην
437 1550 715 1639 προςηγόριυοαν,
747 1549 827 1639 όπορ
857 1548 961 1631 εἴτις
983 1546 1169 1644 ‘muscosi

7 1651 149 1724 ίοόλοιτο
187 1654 325 1742 φράζειν
361 1648 421 1720 οὔκ
456 1647 496 1720 dr
531 1650 641 1731 ἄλλως
677 1652 746 1736 ἔχοι
782 1656 871 1737 λέξαι
906 1653 993 1741 πλὴν
1024 1652 1168 1741 καρδίαν.

7 1755 126 1824 diuinis.
155 1755 263 1836 eiicere
278 1749 390 1841 Ὧρος]
414 1757 519 1841 (codd.
540 1752 677 1842 Ὠρίων).
832 1821 839 1832 ,

77 1861 197 1928 Evenit
219 1868 344 1938 autem,
366 1858 507 1946 idquod
529 1879 626 1942 supra
645 1861 708 1924 iam
733 1860 1010 1926 animadvertimus
1027 1867 1064 1934 ‘et
1083 1861 1169 1928 infra

7 1963 101 2046 cultis
123 1963 355 2046 perspiciemus
379 1961 468 2038 locis,
491 1966 528 2025 ut
549 1959 716 2026 Nicanoris
738 1960 798 2024 hoo
819 1966 944 2027 tentum
965 1962 1036 2028 loco
1057 1961 1115 2035 fiat
1134 1967 1169 2030 in

7 2061 214 2148 ltymologico
238 2065 367 2141 mentio,
390 2063 497 2127 multis
519 2063 551 2127 in
574 2061 744 2144 Stephano.

69 2188 110 2248 A
116 2185 262 2266 θωςῖθ)
290 2176 365 2268 όρος
390 2177 518 2266 Θράκης
546 2174 617 2244 ἀπὸ
636 2173 737 2245 ”Ado
756 2176 905 2262 γίγαντος
931 2182 985 2265 (ai.
1008 2181 1166 2264 scholii,

6 2287 50 2350 29
72 2285 169 2352 BLV.
211 2283 250 2350 E.
273 2283 317 2353 M.
344 2305 373 2366 p.
396 2283 446 2360 26,
473 2283 510 2347 18
533 2302 606 2347 ann.
634 2281 702 2346 cod.
726 2281 798 2366 Va.)
916 2281 1031 2366 βάλλει
1058 2284 1095 2350 δὲ

6 2383 212 2474 ριακοσίοος.
258 2381 384 2472 εἴρηται
410 2382 447 2450 δὲ
475 2382 531 2448 καὶ
551 2378 699 2460 Ἀθόως
726 2382 834 2467 [Mein.
857 2377 986 2463 ’Άθοος
1015 2386 1071 2450 sed
1093 2409 1169 2454 con-

6 2509 70 2553 srss
92 2490 187 2556 Eust.
212 2509 244 2571 p.
266 2487 338 2566 982,
361 2486 413 2551 50.
435 2487 492 2570 51]
522 2478 566 2563 ὡς
591 2483 629 2550 τὸ
652 2489 731 2562 Κῶς
752 2480 870 2562 Κόως
899 2486 953 2571 (ci.
977 2485 1069 2552 Mein.
1091 2511 1166 2555 ann.

6 2587 43 2674 0)
65 2589 202 2675 λέγεται
227 2583 283 2652 καί
310 2637 336 2653 ..
351 2637 376 2652 ..
393 2579 606 2672 ’Ἀθωςίολ
629 2587 700 2672 Va).
743 2580 762 2674 ἦ
789 2582 896 2665 κλίσις
918 2638 944 2654 ..
959 2638 986 2654 ..
1009 2585 1169 2670 ἐνοικοῦν-

6 2715 43 2769 ας
71 2690 127 2776 [τό
160 2687 313 2778 θηλυκὸν
336 2685 485 2754 Ἀθωίαν
504 2684 618 2774 Ἥραν.
654 2689 717 2774 Va]
745 2683 850 2755 τόδὲ
877 2690 993 2775 δηλοῦν
1114 2689 1169 2756 καί

6 2791 165 2880 γράφεται
202 2792 245 2857 cl.
267 2791 303 2856 Ε.
326 2791 368 2854 Μ.
389 2791 440 2870 26,
470 2793 525 2874 42]
558 2789 612 2856 διὰ
642 2795 699 2856 τοῦ
727 2805 744 2855 ῑ
864 2795 958 2878 θορῆς
989 2793 1044 2876 [cf.
1066 2794 1102 2858 Ε.
1126 2794 1168 2862 Μ.

6 2897 33 2974 6,
58 2897 113 2960 24.
153 2893 275 2958 Aroad.
298 2893 349 2968 st,
374 2894 437 2976 12].
476 2895 578 2975 Atque
599 2894 677 2957 haec
699 2893 828 2975 quidem
850 2897 956 2958 omnia
976 2895 1081 2961 aliena
1101 2917 1169 2961 esse

6 2999 20 3064 t
43 2995 405 3083 Herodianidoctrina
427 3000 459 3059 et
479 2995 657 3078 praeceptis
679 3015 717 3060 ac
740 2994 832 3078 longe
863 3015 979 3062 evoro
1005 2997 1170 3063 aberrasse

6 3101 154 3166 entnium
190 3097 219 3188 l,
250 3097 310 3161 128
340 3102 477 3180 apparet
510 3117 549 3160 ex
579 3095 737 3160 Eustethii
769 3097 871 3162 verbis
904 3119 935 3180 p.
958 3099 1032 3174 858,
1059 3098 1103 3163 43
1116 3102 1168 3184 ¹1).

6 3205 100 3279 θιῦος
121 3199 190 3284 μὲν
214 3195 277 3283 γὰρ
299 3194 382 3264 κατά
402 3221 495 3274 τινας
516 3196 930 3281 προποριοπωμένως
950 3191 968 3261 ί
991 3189 1170 3284 ἀζήμιος.

48 3437 83 3508 ¹⁹)
108 3437 225 3490 Locum
245 3433 324 3486 ratde
341 3433 483 3486 turbstum
496 3432 643 3486 restituere
656 3431 764 3486 studuit
777 3431 884 3486 Ritschl
904 3431 949 3502 [ds
963 3431 1017 3486 Oro
1030 3436 1059 3486 et
1071 3431 1170 3486 Orione

6 3547 18 3578 ι.
41 3526 64 3590 1,
86 3543 115 3593 p.
131 3525 200 3577 642.
216 3519 290 3589 osu]
308 3519 401 3574 Verba
420 3520 512 3588 priore
529 3523 579 3571 τοῦ
597 3522 632 3573 Δ.
652 3549 686 3560 -
704 3513 809 3588 κεφαλή
828 3519 928 3587 recepi,
946 3518 1013 3586 quid
1031 3535 1097 3572 vero
1115 3519 1169 3572 sibi

6 3613 64 3666 lint
77 3607 301 3682 proximstiaesi
311 3601 342 3658 τὸ
354 3605 470 3676 καρδίας
481 3609 576 3676 σχῆμα
591 3608 788 3676 παρεχομένων
799 3605 946 3672 τῶνΝείλῳ
956 3609 1022 3674 μεθ
1030 3608 1170 3676 conopi-

6 3719 39 3752 ιν
61 3702 112 3754 vix
128 3695 282 3763 intellego.
318 3692 392 3760 Quae
404 3693 464 3762 ipse
476 3693 581 3763 scripsi,
600 3691 804 3747 Wilemowitrii
822 3692 909 3746 debeo
928 3691 1051 3746 consilio.
1085 3693 1171 3747 Recte

6 3789 19 3842 i
40 3801 157 3842 nomen
179 3781 307 3835 restituit
322 3780 438 3834 Ritsahl.

41 3877 80 3942 ¹⁰)
101 3869 226 3928 Similis
248 3871 331 3935 etque
353 3866 438 3922 schol.
461 3866 491 3933 Ξ,
517 3869 569 3922 229
587 3867 658 3924 BLV
679 3866 795 3938 praebet
818 3864 903 3920 solsol.
929 3866 984 3934 Ap.
998 3863 1053 3919 Rh.
1070 3866 1091 3932 1,
1110 3869 1170 3920 601.

6 3969 105 4020 terum
143 3971 225 4026 qnae
254 3953 384 4023 leguntur
413 3955 441 4007 iu
473 3953 577 4009 scholio
606 3954 746 4009 homerico
777 3953 811 4008 da
838 3955 975 4022 παροιμία
998 3952 1062 4005 illa:
1085 3947 1172 4012 Ἄθως

6 4049 80 4112 wicta
100 4051 190 4101 νῶτα
212 4041 317 4108 (codd.:
337 4035 402 4111 ὦτα)
419 4044 550 4111 Λημνίας
566 4035 631 4108 βοός
653 4041 810 4097 accuratius
828 4039 940 4094 exhibet
957 4038 989 4093 Ε.
1009 4039 1047 4093 Μ.
1069 4043 1110 4107 26,
1132 4042 1171 4104 16,

6 4140 46 4196 od
68 4137 140 4190 sine
163 4128 255 4185 dubio
273 4130 377 4185 scholio
395 4145 473 4186 usum
491 4133 534 4183 eat
552 4129 686 4185 uberiore.

37 4227 77 4296 ⁸¹)
101 4222 268 4288 Perpetem
286 4216 415 4274 Lantsins
432 4233 460 4286 p.
480 4218 540 4276 tte.
