2748 4714
48 436 97 502 toli
121 435 273 502 nonnulla
300 435 341 502 ad
372 437 568 521 Stephanum
586 437 779 503 ‘accuratius
806 413 1074 522 cognoscendum,
1107 437 1200 521 plora
1324 450 1335 520 ,ἓ

49 541 168 602 fortasse
189 538 313 620 reliqui.
349 538 416 604 Iam
439 560 476 604 eo
498 562 547 604 me
569 539 706 616 confero,
729 537 931 623 ut'Stephani
954 547 1099 605 auctores
1122 560 1201 605 non·

48 640 115 705 nolli
138 660 202 722 quo
222 642 273 704 vio
295 661 333 705 ac
354 642 477 706 ratione
497 641 657 708 tractandi
678 642 742 705 sint
757 641 859 706 altera
874 641 1097 726 disputationis
1111 645 1201 722 perte

48 741 162 806 edocere
183 741 337 806 studeam.

109 1543 159 1614 oe
184 1543 386 1632 Theogene
410 1544 612 1615 blacedone
638 1546 838 1637 Apollonio
863 1544 1122 1636 Letopolitano
1150 1611 1154 1620 .

278 1661 489 1735 Alexandro
514 1661 751 1754 Polyhistore
778 1664 958 1756 Stephani

499 1781 723 1854 auctoribus.

117 1961 298 2028 Carinarum
325 1984 430 2028 rerum
461 1963 650 2046 scriptorum
671 1963 868 2047 fragmenta,
897 1967 917 2029 i.
940 1985 967 2030 c.
990 1965 1102 2030 Leonis
1125 1965 1200 2030 Ala-

52 2059 214 2143 baudensis,
249 2064 410 2148 Apollonii
432 2067 487 2146 qui
509 2064 604 2149 vulgo
625 2065 741 2130 dicitur
762 2064 1031 2147 Aphrodisiensis,
1062 2065 1200 2150 Philippi

52 2159 289 2248 mergulensis,
314 2165 488 2249 Theogenis
516 2165 717 2245 Macedonis,
746 2165 917 2230 Alexandri
938 2166 1143 2251 Polyhistoris
1165 2167 1200 2232 C.

53 2261 146 2330 hiller
166 2287 226 2332 sno
249 2288 336 2334 more
357 2270 402 2332 ita
423 2269 609 2351 composuit,
640 2275 677 2332 nt
705 2288 743 2332 ea
763 2266 878 2350 quibus
901 2269 1064 2351 scriptoris
1086 2289 1200 2334 nomen

53 2365 205 2444 pmefixum
229 2378 300 2435 erat
321 2370 492 2454 colligeret,
515 2371 674 2434 omitteret
695 2389 777 2451 quae
799 2367 871 2434 aliis
893 2368 933 2433 de
951 2371 1053 2434 causis
1068 2370 1199 2452 singulis

58 2467 244 2551 scriptoribus
265 2471 434 2538 tribuenda
456 2491 523 2536 esse
545 2471 742 2537 videbantur.
786 2469 1114 2552 [casselanus.
1147 2471 1201 2549 lv,

57 2564 109 2634 310.
138 2571 211 2638 474.
244 2573 317 2650 510,
352 2574 417 2658 16.]
465 2572 605 2650 Quorum
645 2572 685 2636 de
715 2592 846 2636 numero
877 2575 942 2636 tres
959 2571 1051 2638 'mihi
1083 2572 1201 2654 sumpsi

20 2687 21 2690 ’
57 2671 234 2753 modos,
267 2673 479 2756 Theogoniam,
515 2673 733 2758 Apollonium,
769 2671 997 2751 Alexandrou,
1031 2679 1118 2736 cerba
1145 2691 1202 2756 spe

59 2766 145 2838 lucus
164 2775 235 2840 fors
256 2782 294 2840 nt
313 2776 446 2840 duorum
465 2775 592 2857 quidem
618 2775 817 2857 scriptorum,
839 2773 1014 2856 Apollonii,
1031 2772 1202 2838 Alexandri
1277 2787 1286 2800 ’

60 2889 110 2936 oon
128 2875 305 2960 fragmenta
327 2876 505 2942 exhiberem
527 2880 675 2944 auctiora
685 2883 782 2958 atque
796 2875 971 2958 integriora
984 2881 1052 2939 tom
1064 2874 1202 2941 indolem

60 2975 81 3033 et
105 2973 258 3059 ingenium
289 2977 509 3043 adumbrarem
542 2979 731 3045 accuratius,
774 2975 895 3054 Quibus
927 2976 1107 3060 praemissis
1136 2977 1201 3042 iam

61 3076 218 3144 Manius
240 3079 283 3146 ad
297 3079 504 3164 Theogenem‚
526 3080 565 3146 de
586 3099 649 3162 qno
670 3099 774 3162 panca
794 3083 917 3143 tantum
939 3076 1046 3144 doceri
1060 3083 1201 3163 possunt

408 3281 631 3365 Theagenes
653 3281 824 3348 Macedo.

123 3409 207 3479 Unus
239 3411 294 3495 qui
326 3415 415 3476 extat
446 3411 535 3476 locus
566 3411 621 3477 nbi
652 3411 779 3477 caricas
810 3430 861 3475 ros
891 3409 1053 3492 scripsisse
1086 3393 1201 3476 dicitur

64 3505 212 3596 theogenes
232 3515 391 3579 invenitur
412 3512 564 3596 Stephani
588 3533 613 3577 s.
634 3535 663 3578 v.

127 3627 303 3710 Kouralios,
325 3627 423 3708 πόλις
445 3626 608 3708 Κιλικίας.
655 3627 815 3716 Θεαγένης
835 3625 869 3694 dr
890 3631 1050 3714 Καρικοῖς
1058 3631 1111 3715 ⁶³).
1133 3600 1135 3606 ,

67 3773 261 3794 Ἢιιι--σ

116 3863 144 3932 ¹⁸)
160 3867 304 3938 Per-parem
335 3867 499 3922 iudicavisse
528 3865 597 3919 mihi
625 3867 736 3920 videtur·
764 3865 904 3920 Heclrecos
927 3864 1009 3935 [Phil.
1035 3865 1065 3931 V,
1088 3884 1113 3936 p.
1137 3869 1202 3939 41⁷]

69 3943 166 4006 tumtun
182 3954 326 4008 ostieblio
344 3952 425 4023 [Phil.
439 3953 486 4019 IX,
504 3970 531 4023 p.
547 3953 610 4024 50⁶]
629 3970 692 4008 cum
706 3953 841 4021 Θεαγένης
858 3955 981 4005 mutaret
999 3953 1027 4004 in
1040 3953 1205 4023 Θεαγγελεύς

70 4029 194 4107 Philippum
232 4041 309 4094 illum
342 4040 578 4109 Theangelensern
612 4036 779 4108 significans.
834 4040 873 4090 At
901 4035 1021 4108 Philippi
1048 4039 1204 4109 Stephanus

71 4123 152 4179 mnino
179 4145 231 4182 non
258 4127 325 4183 iecit
354 4127 521 4182 mentionem
545 4143 633 4195 nequa
656 4125 800 4194 Philippus
825 4123 873 4179 ille
896 4139 1017 4194 unquam
1041 4127 1204 4196 simpliciter

72 4201 201 4277 ottryclolr
215 4218 247 4268 nt
263 4232 286 4270 e.
304 4233 332 4285 g.
350 4214 507 4269 Demetrius
524 4210 649 4282 Σκήψιος
665 4211 830 4281 appellatur.

930 4311 973 4366 ps
