2748 4714
768 219 812 285 24

203 401 400 490 Stephanum
421 404 635 470 testimonium
656 403 796 482 affertur,
816 403 897 469 nihil
918 403 1015 472 habet
1036 405 1125 482 miri;
1148 425 1223 472 nam
1237 405 1340 470 Alexan

202 505 292 570 drnm
315 505 546 592 Polyhistorem
568 511 733 589 poetarum
754 507 896 572 versibus
926 507 959 572 in
981 507 1120 573 historiis
1143 505 1341 573 conscribendi

203 629 293 673 usum
323 629 389 674 eeee
417 609 608 692 perspicitur
636 629 676 673 ex
706 609 833 675 Eusebii
860 630 971 693 praep.
1000 630 1047 673 ev.
1069 609 1125 685 IX,
1148 610 1200 674 20.
1242 609 1303 674 Oet
1323 605 1341 671 nl

203 708 327 775 Berkel.
351 717 383 776 et
403 711 506 776 Holet.

288 843 507 926 Μόκαλλα,
538 840 637 923 πόλις
664 838 804 922 Ἰταλίας
827 843 875 928 [έν
896 831 919 932 ᾗ
941 839 1027 928 ἱερόν
1048 843 1120 912 ἐστι
1146 838 1341 931 Φιλοκτήτου]

202 946 355 1034 κέκληται
377 986 394 998 -
412 985 426 1000 -
469 949 612 1015 Nominis
634 949 803 1030 originatio
832 948 950 1014 eisdem
972 948 1058 1031 apud
1080 953 1252 1032 utrumque
1272 947 1341 1012 verti

205 1056 363 1115 narratur.

288 1185 449 1274 Μένδης
544 1182 668 1272 τράγον.
706 1186 839 1274 [ιιένδης
861 1186 896 1252 δέ
918 1185 1045 1270 λέγεται
1067 1179 1152 1272 παρ’
1169 1181 1342 1272 Αἰγυπτίου

201 1283 420 1373 ὃτρόγοςθθ).
464 1283 500 1353 έκ
522 1293 580 1352 τοῦ
604 1287 738 1375 Μένδης
760 1288 948 1375 Μένδητος]
971 1284 988 1353 δ
1020 1283 1162 1375 πολίτης
1187 1283 1342 1372 Μενδήσιος

200 1387 256 1454 καὶ
272 1393 321 1457 M.
339 1393 374 1456 θ.
397 1393 518 1478 [τροπῇ
539 1393 597 1453 τοῦ
620 1414 638 1454 τ
661 1384 708 1468 εἷς
730 1414 755 1468 ς.
786 1383 806 1476 ἢ
828 1386 880 1456 δτι
903 1386 1043 1456 τοπικόν
1065 1387 1154 1456 ἐστιν
1177 1385 1222 1468 ὥς
1243 1383 1342 1454 δαλόν

202 1513 275 1569 οιος
296 1484 469 1575 οὐράνιος]

285 1623 441 1715 Μερόη,
472 1623 574 1706 πόλις
603 1619 803 1692 Αἰθιόπων.
846 1665 860 1677 -
882 1666 897 1677 -
930 1623 1064 1714 Μερόης
1105 1619 1268 1715 [ἀδελφῆς
1299 1633 1342 1691 λυ·

200 1725 348 1813 μόνσου].

285 1862 580 1932 Μεταπόντιον
602 1902 617 1914 -
633 1903 647 1916 -
663 1863 822 1949 Μέταβον
844 1860 953 1949 ἔλεγον
976 1853 1105 1951 [(οότος
1126 1856 1168 1954 ἧν
1188 1867 1272 1932 addo
1288 1866 1343 1948 ipset

200 1963 270 2044 υλδς
288 1960 490 2051 metamor.
530 1962 693 2052 Ἡρακλέα
716 1965 841 2050 λέγεται
863 1965 923 2032 act
944 1964 1003 2044 τὰς
1026 1964 1189 2055 Γηρυόνου
1210 1960 1341 2051 pairin-

200 2066 293 2134 ιόντα
322 2073 511 2157 ξενισδῆναι
540 2065 631 2154 παρὰ
652 2062 821 2151 Ἆλίβαντι
843 2065 899 2133 καὶ
920 2065 995 2134 τότε
1016 2074 1213 2156 γεννηθῆναι
1235 2067 1271 2133 τδ
1291 2090 1340 2130 τοι·

201 2167 281 2236 δίον.
335 2169 390 2236 καὶ
420 2167 475 2236 διδ
503 2174 601 2235 τοῦτο
629 2170 789 2251 Μέταβον
824 2176 1139 2256 προςαγορευδῆναι,
1179 2169 1256 2236 ἐπεὶ
1288 2161 1340 2250 μετὰ

200 2270 277 2351 τοδς
303 2278 382 2354 βοῦς
410 2278 469 2337 τοῦ
491 2268 654 2359 Γηρυόνου
675 2265 800 2358 ᾔευδἯ.
845 2272 893 2336 De
914 2271 1058 2349 Metabo,
1089 2271 1267 2356 Metaponti
1291 2291 1339 2335 cen·

201 2375 312 2453 ditare,
335 2376 480 2440 conferas
502 2374 600 2442 schol.
624 2375 703 2439 Aen.
727 2374 780 2454 XI,
805 2375 877 2440 540.

287 2507 484 2594 Παρνασσός
575 2508 776 2595 Λαρνασσός
797 2504 857 2595 [nic
871 2502 1020 2592 Ἄνδριον
1048 2506 1164 2596 φησίν]
1195 2509 1254 2577 διὰ
1271 2507 1302 2574 τὸ
1316 2543 1336 2554 -

201 2608 350 2698 [ὕστερον
372 2612 408 2678 δέ
429 2606 497 2677 κατ’
523 2611 699 2700 ἐναλλαγὴν
720 2617 778 2677 τοῦ
799 2617 839 2678 Λ
860 2607 908 2688 εἰς
928 2618 967 2677 Π
995 2609 1215 2697 Παρνασσός]
1260 2609 1337 2678 Omnia

200 2715 280 2780 haee
311 2716 459 2798 leguntur
487 2717 581 2779 etiam
611 2716 643 2779 in
673 2714 770 2779 eehol.
796 2714 838 2779 ad
863 2716 919 2796 Ap.
942 2715 1001 2781 Rh.
1025 2719 1063 2795 B,
1088 2718 1166 2795 711,
1196 2717 1279 2783 unde
1296 2715 1344 2776 λον

200 2817 307 2881 dronis
336 2818 551 2882 testimonium
577 2837 636 2899 pro
668 2817 725 2881 illo
755 2813 902 2880 ἐκαλεῖτο
933 2815 1030 2882 δέ-
1060 2819 1146 2901 apud
1175 2818 1334 2902 Stephanum

200 2919 385 3004 rest‘tniiss).

285 3049 569 3136 Πολεμώνιον,
601 3093 618 3103 -
642 3093 657 3102 -
686 3049 794 3132 πόλις.
845 3047 928 3138 [ἀπὸ
963 3053 1163 3135 Πολέμωνος
1198 3051 1344 3176 βασιλέοςη

197 3145 233 3231 (δς
261 3144 300 3241 ἦν
328 3150 387 3219 ἐπὶ
407 3148 586 3222 Ἀντωνίου
615 3159 674 3220 τοῦ
701 3149 754 3220 ἐπ’
784 3148 996 3239 Αὐγούστου]
1027 3192 1042 3204 -
1059 3195 1073 3206 -
1122 3157 1257 3221 Omnino
1282 3154 1331 3218 cire

198 3257 284 3322 hunc
311 3258 416 3322 locum
446 3257 599 3342 Stephani
626 3257 722 3322 verba
749 3257 840 3322 valde
877 3258 910 3321 in
942 3258 1066 3323 brevius
1096 3263 1261 3324 eontracta
1282 3265 1330 3319 eunt

200 3357 345 3423 Ceterum
368 3359 406 3424 ef.
429 3358 528 3425 Gaief.
550 3381 623 3425 ann.
647 3358 718 3436 679,
741 3359 792 3424 54.
891 3373 893 3376 ·

283 3500 322 3559 Π
325 3517 342 3558 ο
351 3490 389 3558 tt
397 3517 478 3560 ειον
553 3492 732 3582 καλουμένη
747 3497 909 3580 [καλεῖται
921 3494 957 3561 δὲ
969 3492 1126 3562 Πολίειον
1140 3489 1211 3562 ἆπδ
1222 3490 1328 3561 nenda

199 3593 354 3683 ἐμπόρου.
378 3589 398 3682 ἢ
412 3592 463 3662 δ’τι
481 3592 628 3685 Ἀθηνᾶς
643 3593 812 3674 Πολιάδος
830 3591 915 3681 ἱερὸν
930 3593 964 3664 ἐν
978 3590 1060 3687 αὐτῇ
1075 3595 1175 3666 ἐστιν.
1198 3591 1327 3686 ὨροςΜῘ·

268 3830 300 3896 “)
320 3829 361 3883 Cf.
379 3829 442 3882 Her.
461 3829 497 3896 11,
515 3831 550 3884 46
568 3829 643 3884 unde
662 3829 731 3884 haee
748 3835 857 3898 anmpta
875 3834 948 3884 eunt.

268 3916 303 3984 ¹²)
320 3916 412 3973 Verba
430 3917 557 3972 videntur
574 3933 634 3971 eene
651 3921 788 3986 corrupta,
807 3918 959 3973 subiectum
979 3920 1051 3972 enim
1072 3919 1249 3976 desideratur.
1276 3907 1325 3980 Equi·

199 4005 261 4058 dem
279 4005 455 4058 inserendum
471 4019 531 4058 enee
549 4004 641 4059 indiae
658 4009 722 4072 pont
739 3998 791 4076 ᾔει]
810 4001 825 4054 ὁ
842 4000 983 4075 Ἡρακλῆς.

268 4092 302 4150 ”t
320 4092 445 4144 Ceterum
464 4089 498 4144 af.
518 4091 620 4144 Manae:
639 4091 674 4144 de
692 4091 787 4160 Sibyll.
806 4093 863 4146 ind.
883 4111 911 4160 p.
932 4094 973 4146 19.
992 4095 1032 4146 ²0.

269 4179 302 4244 ⁸⁹)
323 4179 387 4230 l’oet
402 4175 523 4236 Πόλιδος
547 4179 644 4232 ineerit
665 4178 726 4232 eod.
750 4179 852 4233 Milleri
873 4180 993 4238 Κασέως.
1036 4181 1165 4236 nonme
1182 4179 1293 4240 Καοιένς,
1307 4168 1322 4219 δ
