2748 4714
731 197 772 260 66

170 382 294 447 Λυδῶν
316 381 471 468 βασιλεῖς
485 377 623 468 ἐφόρουν
644 376 744 448 αὐτόν
767 378 811 460 δίς
831 405 864 446 τι
885 386 950 446 τῶν
972 374 1078 446 italos
1101 377 1195 466 ίεριῖν
1218 379 1254 448 dn
1275 382 1346 449 δια-

171 483 266 570 δοχῆς
298 480 617 566 παραλαμβάνοντες.
665 477 737 567 ίίχρι
760 479 952 568 Κανδαύλης
979 475 1174 565 ἀπαξιώσας
1200 478 1249 548 ἑνί
1279 490 1346 548 τῶν

170 581 305 666 ἑταίρων
327 586 439 668 φορεῖν
461 580 586 651 ἔδωκεν,
619 582 693 650 ἐπεί
716 583 753 650 δὲ
776 589 805 646 Γ
803 578 880 670 όγης
903 576 1059 662 decosule
1075 581 1231 666 ἐπολέμει
1258 579 1347 668 πρός

170 679 269 750 αὐτὸν
291 672 396 771 ήλθεν
407 679 599 772 ’Ἀρσηλις
621 685 656 751 ἐκ
671 684 857 750 Μυλασέων
874 685 979 768 [codd.
994 683 1150 769 Μαλέων]
1169 681 1347 772 ἐπίκουρος

169 792 216 874 τῷ
239 793 258 850 Ι
260 782 325 875 ’όγη
346 783 430 869 μετὰ
452 785 614 868 δυνάμεως
634 784 690 851 καὶ
711 782 768 852 τόν
788 809 824 850 τε
840 783 1034 872 Κανδαύλην
1055 785 1111 852 καὶ
1132 782 1191 852 τόν
1213 783 1346 872 ἑταῖρον

169 884 269 953 αὐτοῦ
297 883 494 976 διαφθείρει.
536 886 592 952 καὶ
620 883 678 954 τόν
706 887 844 955 πέλεκυν
870 883 918 965 είς
942 884 1068 973 Καρίαν
1096 883 1229 971 ἐκόμισε
1257 887 1343 971 μετὰ

169 995 234 1055 τῶν
271 984 377 1055 ἄλλων
413 987 574 1078 λαφύρων.
627 990 681 1056 καί
716 988 803 1070 Διός
839 983 970 1074 δίγαλμα
1004 987 1248 1068 κατασκευάσας
1284 985 1347 1054 τόν

169 1091 307 1157 πέλεκυν
330 1088 499 1176 ἐνεχείρισε
520 1089 574 1156 καί
591 1093 775 1177 Λαβραδὲα
796 1086 855 1156 τόν
878 1085 959 1157 θεὸν
981 1087 1232 1179 προςηγόρευσε·
1260 1098 1345 1156 Λυ-

170 1191 234 1258 δοί
254 1191 327 1278 γὰρ
351 1192 499 1277 λάβρυν
520 1187 593 1258 τόν
617 1194 791 1260 πέλεκυν
813 1186 1063 1274 ὀνομάζουσι.

253 1296 315 1360 Res
337 1317 393 1378 per
422 1315 456 1360 se
482 1294 547 1360 fere
570 1297 639 1379 ipsa
661 1296 818 1380 loquitur,
848 1297 966 1380 quippe
995 1316 1077 1378 quae
1098 1295 1227 1361 aliunde
1247 1296 1343 1359 nobis

169 1398 297 1463 nonsit
319 1405 408 1473 nota3
440 1396 553 1462 deinde
582 1399 677 1462 etiam
700 1419 761 1462 vox
789 1396 953 1480 popularis
977 1397 1025 1460 vel
1052 1398 1084 1460 in
1107 1397 1216 1478 primis
1238 1396 1344 1478 signi-

168 1497 244 1562 ficat
278 1499 492 1562 Alexandrum
523 1506 693 1564 auctorem.
750 1498 809 1575 Qui
839 1498 922 1562 uude
951 1498 1036 1588 haec
1059 1498 1241 1580 sumpserit,
1277 1519 1344 1562 non

168 1607 312 1676 constat,
339 1600 393 1664 sed
423 1621 535 1666 noram
558 1601 645 1666 illam
676 1602 715 1666 de
739 1600 873 1664 Hercule
895 1606 928 1664 et
949 1599 1104 1682 Omphale
1126 1599 1345 1664 narrationem

168 1704 193 1766 si
217 1702 420 1784 spectavere,
451 1700 505 1766 fiet
532 1703 713 1785 probabile,
744 1689 959 1766 narrationem
981 1701 1023 1764 ad
1045 1700 1248 1783 Apollonium
1272 1699 1345 1764 for-

168 1810 252 1868 tasse
273 1803 383 1867 redire.
427 1801 571 1866 Ceterum
594 1805 678 1868 Iovis
700 1803 877 1868 Labrandei
906 1802 1034 1884 bipenni
1062 1804 1177 1866 armati
1204 1800 1342 1884 effigiem

168 1904 297 1969 exhibet
319 1925 465 1969 nummus
496 1904 625 1968 Carinus
657 1905 713 1987 [cf.
736 1905 769 1968 P.
792 1904 955 1968 Gardner:
983 1902 1049 1967 The
1075 1912 1169 1987 types
1190 1902 1225 1966 of
1243 1899 1344 1986 gieek

168 2008 264 2071 coins.
309 2004 496 2086 Cambridge
534 2005 625 2070 1883.
671 2007 716 2070 Pl.
750 2006 790 2085 X,
826 2007 891 2088 22].
946 2004 992 2070 cf.
1026 2005 1129 2070 Horu:
1166 2005 1265 2068 Krete
1298 2003 1343 2084 ΙΙ,

168 2131 200 2192 Ρ,
223 2109 368 2192 296106),

253 2633 471 2714 Fragmenta,
494 2639 573 2715 quot
593 2633 738 2714 indagari
761 2639 927 2716 poterant,
958 2633 1097 2699 collectis
1118 2640 1238 2698 restare
1260 2632 1338 2697 mihi

167 2734 307 2812 videtur,
335 2741 372 2797 ut
390 2735 429 2798 de
450 2736 662 2800 controversia
683 2735 838 2817 quadam,
868 2755 950 2817 quac
977 2741 1025 2800 est
1046 2735 1219 2800 Alexandri
1242 2732 1341 2815 Poly-

168 2837 298 2900 historis
329 2835 368 2899 de
400 2835 481 2913 vita,
517 2835 676 2919 proferam
707 2837 895 2900 sententiam
931 2857 1042 2901 meam.
1096 2835 1162 2901 lam
1200 2857 1271 2900 cum
1303 2836 1342 2900 in

169 2937 261 3002 simili
288 2959 323 3000 re
346 2935 475 3002 Suidam
503 2937 668 3001 dissentire
699 2938 867 3002 viderimus
890 2959 910 3002 a
934 2937 1094 3020 Stephano
1121 2939 1184 3001 sive
1204 2935 1343 3001 Philone

169 3039 207 3102 de
223 3038 383 3121 Apollonii
399 3039 518 3120 origine
533 3039 698 3122 Aegyptia,
723 3040 856 3104 eundem
880 3061 965 3103 nunc
985 3038 1138 3104 habemus
1158 3059 1344 3122 repugnan-

168 3147 232 3204 tem
265 3140 454 3204 scholiastae
480 3140 521 3204 ad
543 3141 746 3223 Apollonium
767 3141 936 3206 Rhodium.
982 3141 1095 3206 Suidas
1124 3142 1206 3206 anim
1229 3139 1343 3205 Mileto

170 3243 336 3308 oriundum
358 3241 454 3306 fuisse
475 3240 574 3306 tradit
597 3242 820 3321 Alexandrum,
844 3241 942 3307 schol.
965 3243 1024 3325 Ap.
1047 3240 1106 3306 Rh.
1125 3244 1151 3320 1,
1174 3241 1237 3306 925
1258 3239 1342 3306 hacc

170 3384 395 3393 *μ’-...-

242 3465 286 3533 ¹⁰⁶)
307 3464 430 3517 Nominis
458 3463 533 3517 Jovis
562 3463 716 3518 Labrandei
745 3465 891 3533 originatio
918 3483 1029 3534 prorsus
1056 3466 1110 3518 alia
1137 3465 1239 3533 legitur
1266 3466 1345 3532 apud

173 3551 328 3606 Aelianum.
347 3551 381 3610 N,
395 3553 428 3604 A.
441 3553 501 3612 Xll.
525 3555 567 3605 30.
604 3553 670 3621 Agit
683 3552 800 3620 scriptor
819 3553 853 3604 dc
866 3551 988 3620 piscibus
1007 3553 1153 3616 cicuribus,
1173 3552 1220 3620 qui
1239 3551 1347 3605 luerint

172 3641 201 3694 ln
223 3643 261 3707 τῷ
284 3641 347 3706 ἱερῷ
363 3641 413 3691 τοῦ
430 3635 600 3706 Λαβραδέιυς
616 3636 684 3696 Διὸς
702 3638 731 3690 ἐν
749 3634 832 3708 κρήνη
851 3676 858 3691 .
880 3677 886 3691 .
907 3678 913 3690 .
933 3681 939 3692 .
958 3638 1027 3692 dicit
1046 3640 1080 3692 de
1097 3639 1195 3693 Carum
1213 3640 1346 3706 inventis,

171 3729 263 3796 pergit
285 3727 385 3780 deinde
409 3725 465 3779 his:
489 3720 644 3790 ἐκλήθησαν
668 3723 699 3777 δὲ
723 3721 755 3776 τὸ
779 3720 868 3794 ὄνομα
885 3728 966 3776 τοῦτο
983 3723 1040 3775 ἀπὸ
1057 3721 1150 3796 Καρὸς
1166 3728 1217 3776 τοῦ
1234 3722 1346 3793 Κρήτης

171 3815 218 3866 καὶ
236 3809 310 3870 Διός.
337 3809 405 3868 Ζεὺς
423 3810 454 3864 δὲ
471 3808 636 3881 Λαβραδεὺς
653 3807 720 3869 ὕσας
737 3808 826 3884 λάβρῳ
843 3813 890 3863 καὶ
908 3813 1000 3878 πολλῷ
1018 3807 1067 3877 τήν
1084 3812 1243 3883 ἐπωνυμίαν
1260 3809 1345 3876 τήνδε

171 3900 305 3970 ἠνέγκατο
323 3898 405 3967 ἔχειν.
442 3899 536 3952 Caram
554 3898 640 3951 filium
660 3915 717 3950 esse
739 3898 836 3952 Cretae
854 3899 966 3952 aliunde
984 3915 1040 3952 uon
1058 3903 1175 3962 constat,
1193 3899 1348 3952 Pausanias

175 3990 198 4052 l,
222 3990 265 4054 39,
289 3988 313 4039 5.
349 3988 391 4054 40,
416 3989 440 4053 6,
465 4003 545 4054 quem
572 3985 723 4054 Stephanus
747 3986 870 4054 sequitur
894 4004 913 4038 a.
941 4003 966 4038 v.
990 3989 1089 4056 Καρία,
1118 3986 1255 4040 Phoronei
1280 4003 1344 4039 eum

173 4074 259 4126 lilium
288 4073 364 4127 dicit.
406 4071 502 4140 Neque
528 4072 698 4125 abhorrete
720 4074 836 4126 veritate
859 4074 1059 4141 ineptissimam
1081 4073 1159 4126 illam
1185 4071 1345 4132 Labrandei
1369 4139 1370 4142 Ἴ

173 4161 250 4216 Jovis
268 4161 386 4214 nominis
405 4159 614 4228 explicationem
634 4159 661 4212 in
680 4161 734 4214 alio
753 4160 902 4213 Alexandri
921 4165 1050 4234 excerpto
1070 4159 1161 4214 luisse.
