2748 4714
582 244 620 311 67

24 435 107 500 dicit:
138 429 208 498 ἔστι
230 429 265 497 δὲ
287 429 342 497 καὶ
364 428 458 514 ἑτέρα
472 427 679 518 Χερσόνησος
701 427 844 514 Καρίας,
867 427 963 497 ἔνθεν
985 420 1025 515 ἦν
1045 424 1192 510 Ἀλέξαν-

24 535 90 616 δρος
128 529 147 598 ὁ
177 530 253 617 περὶ
288 528 416 617 Καρίας
446 530 657 620 paduam).
708 533 840 598 Videtur
874 540 980 597 autem
1009 533 1041 596 in
1072 530 1192 596 scholio

23 637 147 702 subesse
179 636 321 701 Philonis
356 637 500 700 doctrina
534 635 622 700 euius
653 635 785 718 uestigia
818 635 880 699 iarn
918 655 1015 717 supra
1049 633 1192 716 detegere
1312 623 1313 626 ¹

23 745 152 803 conatus
173 758 263 814 sum;
295 735 459 801 Philonem
486 737 568 802 enim
599 737 637 802 de
659 737 772 802 Cariae
794 735 919 820 oppidis
947 737 981 799 in
1003 734 1093 799 libris
1115 729 1194 817 περὶ

23 835 149 904 πόλεων
171 838 355 904 disseruisse
377 843 502 903 constat
531 839 586 920 [ci.
610 837 647 903 fr.
673 839 712 902 16
727 838 795 920 Μ.],
825 837 909 902 unde
939 835 1104 920 probabile
1134 842 1191 913 est,

23 941 178 1006 scholium
200 961 216 1003 e
238 939 371 1004 Philone
398 940 567 1022 repetitum
594 960 678 1016 esse,
712 939 784 1021 qui,
819 940 844 1003 si
871 937 1059 1003 omninode
1082 937 1192 1002 Cariae

22 1041 201 1106 hominibus
231 1041 325 1106 claris
346 1041 536 1106 mentionem
566 1041 656 1119 feeit,
687 1040 861 1105 Alexandri
890 1041 1000 1122 utique
1028 1039 1193 1103 immemor

21 1165 79 1210 esse
102 1164 173 1208 non
195 1141 337 1207 debebat.
380 1143 496 1208 Suidae
517 1143 613 1226 igitur
635 1143 849 1207 testimonium
872 1142 916 1206 ita
938 1139 1191 1223 coniungendam

21 1253 61 1311 est
95 1265 173 1310 eum
204 1244 322 1310 scholio
352 1242 426 1321 illo,
459 1252 496 1309 ut
523 1244 738 1310 Alexandrum
771 1245 803 1308 in
835 1243 1050 1308 Chersonneso
1079 1243 1192 1306 Carica

21 1356 132 1413 natum
157 1344 257 1410 Mileti
279 1345 383 1410 sedem
404 1346 553 1410 habuisse
575 1352 759 1411 statuamus.

496 1587 723 1598 Ἥ

96 1881 170 1944 Iam
194 1901 275 1955 cnm,
298 1886 453 1962 quantum
474 1877 541 1942 fieri
563 1883 697 1960 poterat,
727 1877 835 1960 paullo
857 1877 953 1961 plura
976 1898 1073 1960 quam
1095 1881 1192 1943 antea

0 1980 203 2048 Alexandro
231 1981 485 2047 concedebantur
513 1979 671 2044 vindicare
690 1979 719 2042 ei
751 1979 935 2055 studuerim,
965 1999 1063 2043 unum
1091 1984 1191 2043 restat

18 2095 46 2148 nt
68 2083 205 2149 addam.
241 2082 367 2159 Quanta
389 2083 544 2146 oblivione
563 2081 770 2164 Polyhistoris
790 2080 942 2163 reliquiae
965 2080 1096 2145 obrutae
1118 2081 1189 2158 sint,

18 2207 99 2249 nunc
125 2181 252 2247 videtur
273 2193 382 2268 patere
404 2205 462 2248 nec
482 2181 620 2246 dubitari
647 2188 766 2265 potest,
798 2183 874 2265 quin
897 2203 934 2246 ea
956 2187 1081 2245 tantum
1106 2181 1190 2263 frag·

1 2279 148 2360 ¹¹menta,
184 2305 265 2366 quae
287 2286 450 2369 scriptoris
471 2304 584 2350 nomen
607 2285 639 2347 in
661 2284 764 2349 fronte
786 2292 912 2366 gerunt,
942 2283 983 2346 ad
1014 2283 1189 2348 doctrinam

18 2385 194 2453 Alexandri
227 2376 438 2469 refingendam
466 2387 519 2449 rix
548 2383 717 2450 sufficiant.
766 2387 852 2463 Quae
882 2384 921 2449 de
950 2384 1043 2448 rebus
1072 2384 1190 2450 (laricis

18 2489 256 2556 demonstrasse
292 2488 370 2553 mihi
401 2485 524 2563 videor,
561 2486 670 2551 eadem
701 2489 808 2552 valent
844 2489 937 2552 etiem
973 2488 1011 2552 de
1045 2486 1190 2552 omnibus

15 2591 229 2677 Polyhistoris
256 2589 342 2655 velut
368 2589 407 2652 de
434 2588 545 2673 Lycia,
577 2588 730 2674 Phrygia,
765 2590 873 2655 Cilicia
902 2590 998 2655 libris.
1049 2591 1190 2669 Quorum

17 2695 202 2777 hagmenta
229 2711 304 2756 sane
332 2689 490 2773 permulta
516 2712 587 2754 cum
609 2690 731 2756 lateant
759 2693 844 2776 apud
867 2693 1070 2776 Stephanum,
1101 2692 1190 2757 eolli-

16 2796 120 2876 genda
144 2797 219 2857 sunt
239 2797 335 2874 atque
357 2791 551 2880 singulorum
572 2793 687 2876 singuli
708 2798 852 2858 auctores
874 2793 1070 2877 explorandi.
1110 2793 1190 2859 Tum

16 2894 210 2979 aliqnando,
248 2914 312 2975 quo
346 2893 498 2958 tendebat
531 2893 758 2972 Frendenthal,
794 2897 1026 2978 perveniemus,
1058 2915 1121 2959 non
1154 2902 1191 2961 ut

16 2995 247 3073 Alexandrum,
270 2996 324 3077 qni
345 2997 546 3059 instrumenti
562 3001 684 3061 tantum
700 2996 766 3060 vice
781 2997 930 3080 iungitur,
954 3018 1188 3080 cognoscamus,

15 3101 65 3164 sed
94 3097 290 3174 multorum,
319 3098 374 3179 qui
396 3118 425 3160 a.
449 3095 522 3163 Chr.
545 3119 576 3160 n.
599 3095 741 3176 fuerunt,
770 3119 876 3162 rerum
898 3100 1088 3181 scriptorum
1110 3099 1189 3164 ima-

14 3203 122 3283 ginem
147 3204 310 3264 teneamus
332 3198 569 3264 accuratiorem.

43 3471 105 3538 De
133 3467 347 3540 Menecrate
370 3468 569 3558 Lyciorum
596 3488 719 3538 rerum
746 3468 922 3558 scriptore
947 3470 1146 3560 appendix.

103 3649 179 3714 Uno
208 3648 352 3733 exemplo
380 3671 418 3714 ea
447 3671 529 3732 quae
557 3650 596 3714 de
618 3649 771 3732 Stephani
799 3649 937 3714 fontibus
963 3651 1189 3734 investigandis

12 3750 156 3817 disserui
184 3751 276 3815 liceat
305 3773 436 3834 augere,
471 3751 555 3816 unde
583 3773 681 3836 quam
704 3750 852 3834 expedita
872 3751 1020 3833 facilique
1041 3753 1092 3818 via
1113 3776 1188 3836 pro·

12 3855 129 3919 mdere
152 3852 309 3936 possimus
330 3852 448 3918 clarius
469 3858 631 3937 appareat.

13 3976 225 3987 -..—.-.-—--

82 4041 133 4106 ¹⁰⁷)
157 4041 256 4095 Visae
280 4043 386 4094 ratione
411 4045 513 4102 carent,
541 4058 609 4109 quae
628 4040 662 4093 de
680 4039 732 4092 hac
752 4041 938 4093 courtrorersia
956 4040 1024 4094 dicit
1041 4041 1188 4096 Hulleman

9 4125 23 4178 Ι.
42 4129 60 4181 Ι.
92 4145 122 4196 p.
145 4130 179 4180 95
198 4144 266 4196 sqq,
297 4127 442 4181 confundit
467 4127 539 4180 enirn
566 4143 628 4179 cum
646 4127 725 4194 Corn.
744 4126 901 4181 Alexandro
924 4144 985 4180 eum
1010 4129 1056 4196 qui
1083 4129 1186 4198 Myndo

9 4219 87 4270 ortus
104 4217 177 4282 erat,
190 4211 336 4284 Wegeneri
349 4215 455 4270 seilicet
466 4213 583 4284 vestigia
591 4230 725 4283 premens.
736 4212 772 4268 oi.
782 4213 858 4268 null.
871 4212 905 4268 ir.
914 4214 941 4269 h.
955 4215 1003 4284 ΙΙΙ,
1015 4233 1042 4286 p.
1053 4217 1112 4272 206.
1122 4233 1169 4270 ar*
