2748 4714
557 228 594 292 ll

10 411 137 493 nologici
175 411 264 478 nullo
301 412 361 478 nisi
398 412 459 478 hoc
496 413 566 479 Ιοοο
602 413 739 478 eiusdem
776 414 937 497 scriptoris
969 412 1161 478 adhibeatur

10 513 220 590 estimonium,
247 513 294 578 ita
315 521 352 579 ut
373 514 508 579 altarum
529 535 569 580 ex
590 514 691 579 altaro
712 514 840 582 fluxisse
860 515 894 580 in
917 515 1085 580 manifesto
1106 515 1159 580 ait.

10 613 97 696 &aqua
127 614 187 680 hoa
218 615 320 698 ipsum
354 616 482 699 quidem
515 613 600 682 haud
632 617 742 699 paucis
776 617 816 682 da
843 617 922 682 locis
949 617 1053 682 valere
1073 615 1159 681 infra

10 735 57 780 am
78 715 259 794 videbimus,
282 716 336 782 ubi
357 718 511 802 insignem
534 723 640 783 teneat
661 718 764 783 locum
788 738 848 783 vox

26 852 242 936 Stephanus
263 853 325 936 [cf.
348 853 524 938 Barkel.].
824 855 861 920 E.
883 853 925 918 M.
992 899 995 906 -
1099 875 1102 882 ·

32 958 192 1036 Αρπασα,
213 951 311 1032 πόλις
327 950 463 1038 Καρίας,
485 949 555 1024 ἀπὸ
633 950 1160 1042 Ἅρπαοος17)ποταμύςΚαριάς,

10 1051 160 1137 1ρπύοοο
174 1061 336 1138 ποταμοῦ.
370 1055 409 1123 τὸ
424 1055 559 1126 ἐθνιιιύν
602 1053 761 1143 πρότερον
782 1062 936 1143 Δαφνοῦς
956 1053 1160 1139 καλούμενος.

9 1154 174 1242 ίρπαοιύς
201 1153 247 1236 ιύς
269 1155 415 1224 Μύλασα
442 1160 557 1228 Μινύα·
600 1155 725 1247 εἴρηται
746 1159 782 1225 δὲ
804 1156 859 1226 διὰ
881 1156 920 1225 τὸ
935 1153 1090 1241 ὀξύτατον
1103 1163 1163 1223 τοῦ

10 1256 67 1337 ιιύς
86 1256 268 1346 Πηγαοιύς.
598 1267 656 1350 ῥοῦ
677 1259 733 1325 καὶ
754 1257 806 1327 ὅτι
820 1256 960 1345 ἁρπάζει
980 1253 1065 1339 τούς
1079 1283 1162 1343 παρ-

598 1360 709 1443 ιόντας
731 1357 819 1450 αύτῷ
841 1363 933 1447 [Mill.
958 1361 1029 1429 Mal.
1051 1386 1082 1447 p.
1105 1364 1162 1429 45:

599 1459 721 1553 αύτόν].
765 1460 868 1543 ούτως
895 1460 1019 1550 ἱστορεῖ
1038 1460 1162 1529 Ἀπολ-

600 1565 716 1647 λώνιος
744 1565 778 1633 ἐν
799 1571 846 1652 τῷ
868 1566 1016 1653 πέμπτῳ
1036 1564 1090 1631 καὶ
1113 1567 1163 1632 δε-

600 1667 686 1756 κάτῳ
707 1673 772 1735 τῶν
794 1671 955 1752 Καρικῶν.

78 1806 124 1870 Et
145 1805 204 1874 hoc
226 1805 296 1870 Ιοοο
318 1827 376 1888 pro
399 1807 524 1890 seipsa
547 1828 597 1871 ras
623 1811 773 1886 testatur,
805 1829 878 1872 nam
902 1804 1087 1890 Apollonius
1109 1805 1162 1871 illa

10 1929 97 1974 erum
127 1906 306 1976 Carinarum
341 1909 491 1991 scriptor,
525 1907 564 1973 de
593 1929 657 1991 quo
678 1908 763 1973 infra
791 1908 971 1974 aaauratius
1000 1929 1160 1991 quaeram,

10 2010 82 2076 mllo
105 2010 233 2076 omnino
255 2017 392 2074 veterum
417 2011 605 2094 scriptorum
627 2011 697 2076 Ιοοο
718 2017 982 2076 commemoratur
1003 2010 1061 2074 uisi
1085 2010 1163 2094 my-

10 2111 141 2198 mlogici
169 2111 228 2175 hoc
257 2132 319 2175 uno
349 2118 382 2176 et
409 2112 518 2177 multia
548 2113 715 2196 Stephani,
746 2113 800 2196 qui
829 2113 924 2178 etiam
953 2112 1045 2178 huius
1078 2112 1163 2176 vocis

10 2220 106 2282 actor
129 2212 224 2278 fuisse
246 2212 472 2279 existimandus
494 2220 550 2278 ast.

80 2331 218 2397 Tertium
241 2331 373 2397 addam:
454 2355 455 2360 ¹

211 2467 338 2551 ama
699 2468 1064 2552 mammam

31 2566 207 2653 Ἀμνιούς,
236 2567 388 2652 ποταμὸς
418 2561 558 2657 Κρήτης.
644 2565 807 2653 Ἀμνιοός,
842 2569 990 2654 ποταμὸς
1023 2568 1162 2659 Κρήτης.

11 2670 23 2740 ύ
57 2668 177 2738 τούτου
203 2669 328 2758 νύμφαι
351 2668 557 2755 ’Λμνιοιύύις
599 2668 633 2737 αἱ
663 2669 779 2739 τούτου
810 2671 933 2758 νύμφαι
956 2668 1164 2756 Ἀμνισιύύις

11 2775 45 2842 αἱ
66 2769 261 2856 Ἀμνισίδος.
602 2773 657 2839 καὶ
674 2769 870 2856 Ἀμνισίδος.
905 2773 953 2840 Τὰ
974 2769 1023 2853 εἰς
1043 2765 1163 2860 οςτρι-

599 2872 746 2960 ούλλαβα
768 2874 827 2942 ἐπὶ
848 2881 1002 2958 ποταμοῦ
1017 2873 1162 2958 ύξύτονα,

598 2975 628 3043 εἶ
641 2978 701 3060 μὲν
722 2973 856 3064 καθαρὰ
878 2975 933 3045 διὰ
956 2979 1017 3065 τῆς
1032 2969 1069 3044 εἶ
1084 2980 1163 3065 ύιφ-

599 3075 731 3164 θύγγοα,
754 3069 824 3145 οἷον
832 3074 997 3165 Ἀλφειός,
1012 3078 1162 3167 Πηνειός,

598 3178 783 3267 Σπιρχιιός,
800 3177 829 3247 εἰ
845 3180 881 3247 δὲ
897 3178 941 3267 μὴ
959 3180 1092 3266 καθαρὰ
1108 3183 1164 3248 διὰ

598 3288 656 3348 τοῦ
677 3295 701 3362 a,
724 3273 794 3348 οἷον
812 3276 978 3365 Ἆμνιούς,
998 3282 1161 3371 Κηφισός,

593 3377 740 3462 Ἰλιοσύς.
794 3381 984 3468 πρύςκειται
1016 3380 1163 3468 ύξύτονα,

598 3484 713 3551 διὰτὸ
735 3484 875 3574 Μήνιος.
912 3485 951 3553 τὸ
975 3485 1011 3553 δὲ
1032 3487 1165 3572 Δαρδά-

596 3610 665 3665 νιος
696 3582 802 3670 ύνομα
833 3593 995 3670 ποταμοῦ.
1046 3584 1077 3655 οἰ
1107 3587 1163 3655 καὶ

595 3681 680 3772 ύπὲρ
702 3693 790 3773 τρεῖς
807 3685 971 3773 συλλαβάς
986 3688 1075 3757 ἐστιν
1088 3685 1160 3757 ἀλλ’

596 3776 654 3854 ούν
677 3783 864 3871 ὄξονόμινον
890 3787 1095 3879 ἤκολούθησι
1116 3797 1163 3880 τῷ

59 4085 92 4154 ¹¹)
118 4085 207 4140 Recta
228 4084 388 4140 amandavit
411 4083 482 4138 Mill.
507 4085 524 4138 l.
550 4085 567 4137 Ι.
592 4102 621 4153 p.
648 4087 682 4138 45
702 4080 837 4154 Ἅρπασοτ
858 4104 909 4156 pro
927 4083 1066 4157 Ἅρπαλος,
1090 4092 1163 4160 quod

14 4172 85 4225 ribit
107 4169 247 4226 Gaissord.
