2748 4714
793 237 815 300 4

220 424 380 491 Eustathii
408 425 642 496 commentariis
671 425 908 508 perscrutandis
931 427 979 491 ita
1006 424 1107 490 multo
1137 423 1330 508 expeditior

220 533 269 590 est
299 527 331 590 in
364 526 580 610 Etymologico
614 523 743 610 magno,
779 547 842 608 quo
872 526 998 608 quidem
1031 525 1118 590 fonte
1142 523 1296 608 largiore
1324 547 1330 588 ι

220 649 316 711 quam
343 627 500 693 veteribus
521 627 585 693 illis
614 626 767 710 Stephani
798 627 979 706 editoribus,
1007 627 1093 691 velut
1120 626 1303 692 Holstenio

220 729 305 794 lrelio
327 729 398 795 aliis
409 733 447 814 ¹),
469 730 516 794 uti
534 729 617 794 licet.
651 729 782 813 Suscepi
803 731 899 812 igitur
920 727 1129 811 Etymologici
1150 715 1263 793 verbis
1290 751 1330 792 m*

222 830 378 915 Stephani
405 830 532 914 explere
560 828 705 907 lacunas3
738 823 839 913 neque
868 838 975 895 tamen
1005 828 1157 912 profiteor
1179 829 1300 894 omnia

221 931 358 1016 proferri
380 939 514 1015 possunt
537 953 586 996 me
608 951 675 996 esse
697 936 971 1008 coacervaturum,
992 950 1101 995 verum
1123 931 1156 995 id
1179 951 1308 1013 sequor

221 1033 336 1112 silium,
359 1038 395 1098 ut
422 1033 506 1099 viam
535 1053 599 1116 qua
625 1033 684 1097 tali
706 1034 739 1097 in
761 1033 944 1115 quaestione
966 1031 1233 1115 progrediendum
1258 1035 1305 1097 sit
1330 1071 1331 1082 ι

222 1133 391 1201 dammodo
418 1140 677 1218 praemonstrem.
730 1134 831 1211 Quam
860 1133 902 1198 ad
930 1135 1143 1216 quaestionem
1176 1155 1331 1200 accesssu

224 1238 352 1302 omnino
374 1257 439 1301 non
461 1235 542 1318 fugit
565 1257 614 1301 me
635 1241 757 1318 quanta
777 1255 884 1300 verser
904 1236 939 1300 in
960 1234 1166 1315 difficultate,
1199 1237 1331 1323 quippe

221 1359 319 1402 unam
341 1343 465 1402 tantum
488 1344 611 1420 partem
634 1356 768 1420 eamque
789 1337 933 1419 exiguam
963 1344 1158 1405 tractaturus
1180 1339 1243 1403 sim
1267 1340 1331 1402 exi]

221 1439 307 1504 illius
334 1439 528 1522 quaestionis
550 1439 591 1504 de
612 1438 773 1524 Apollonii
796 1437 912 1503 Rhodii
941 1439 1069 1504 scholiis
1097 1439 1285 1516 habendae,
1323 1461 1331 1502 ι

223 1541 362 1606 nondum
384 1541 530 1606 instituta
551 1545 617 1618 est,
648 1540 703 1606 sed
726 1548 811 1608 certe
831 1541 955 1607 institui
977 1539 1086 1619 debet,
1109 1549 1145 1607 ut
1166 1541 1207 1605 de
1230 1541 1290 1605 illo
1315 1541 1331 1604 f

223 1641 495 1727 praestantissimo
525 1641 654 1708 tandem
689 1642 863 1725 aliquando
892 1648 978 1708 recte
1009 1642 1192 1709 iudicemus.
1244 1643 1331 1720 Quas

222 1743 388 1825 pristinam
408 1741 558 1821 formam,
590 1748 745 1825 quantum
766 1743 893 1827 quidem
916 1743 985 1810 fieri
1007 1751 1127 1830 potest,
1158 1744 1314 1822 induant,

222 1844 325 1909 solum
347 1843 411 1922 0ri,
441 1843 594 1927 Stephani
616 1846 765 1924 auctoris,
794 1845 849 1928 qui
872 1844 1028 1929 Sophocle
1050 1852 1301 1911 commentatore
1326 1870 1331 1908 ι

224 1950 281 2024 est,
303 1944 440 2022 ethnica,
463 1966 565 2028 neque
586 1947 637 2011 Et
660 1945 701 2011 Μ.
724 1952 850 2012 tantum
871 1947 1062 2026 adhibenda,
1086 1948 1139 2012 sed
1162 1949 1259 2013 etiam
1278 1947 1331 2012 Vc

223 2044 413 2112 scholiastae
445 2047 622 2114 advocandi
652 2055 741 2128 sunt,
776 2050 831 2130 qui
859 2070 930 2114 cum
960 2048 1047 2114 haud
1069 2070 1144 2115 raro
1173 2048 1297 2114 faciant
1328 2081 1331 2104 ι

223 2149 387 2233 Stephano
424 2171 464 2215 ex
501 2153 660 2216 communi
695 2151 752 2216 illo
789 2151 877 2217 fonte
908 2151 1051 2218 hausisse
1081 2151 1282 2218 existimandi
1315 2173 1330 2216 s

225 2252 326 2330 Quam
349 2251 414 2317 late
435 2259 541 2318 autem
563 2254 689 2336 egregia
717 2252 775 2324 illa
803 2252 995 2320 scholiorum
1022 2254 1064 2319 ad
1086 2252 1303 2336 Argonautica
1325 2276 1331 2314 ι

224 2355 309 2419 trina
332 2355 481 2437 patuerit,
504 2375 586 2420 novo
608 2355 753 2438 exemplo
782 2376 822 2421 ex
843 2356 1011 2421 Ammiano
1033 2357 1132 2440 petito
1155 2354 1300 2419 docuisse
1323 2377 1332 2418 s

224 2462 288 2520 stat
309 2453 584 2541 Mommsenums).
631 2455 708 2522 Tale
740 2463 845 2522 autem
879 2455 1018 2522 officium
1050 2478 1122 2522 cum
1154 2475 1189 2520 re
1220 2476 1332 2520 verae

226 2555 470 2641 suscipiendum,
502 2564 609 2623 tamen
630 2557 709 2622 fines
731 2559 799 2641 ipse
821 2557 900 2622 mihi
922 2558 1153 2642 circumscripsi
1175 2556 1273 2622 multo
1295 2579 1332 2622 au

225 2659 338 2725 stiores
365 2657 420 2724 sed
449 2679 517 2735 eos,
548 2659 635 2724 intra
665 2680 744 2743 quos
772 2653 813 2724 ad
836 2659 1032 2742 Stephanum
1059 2658 1235 2744 augendum
1260 2659 1280 2726 i.
1305 2681 1332 2725 e.

226 2759 419 2843 exemplaria
450 2761 516 2825 eius
545 2759 771 2845 amplificanda
798 2760 945 2825 nonnihil
974 2781 1099 2844 possem
1122 2761 1271 2826 conferre.
1316 2763 1332 2826 l

226 2863 259 2927 in
290 2863 469 2927 universum
500 2883 536 2927 eo
565 2862 668 2928 tendit
695 2884 773 2928 cura
799 2884 882 2941 mea,
913 2868 951 2927 ut
973 2860 1079 2927 multis
1101 2863 1179 2928 locis
1200 2863 1332 2946 Stephar

227 2970 259 3028 et
273 2962 527 3047 Etymologicum
548 2986 612 3029 non
627 2964 707 3030 duos
728 2986 796 3030 esse
816 2965 920 3031 fontes
942 2963 1108 3029 sedunum
1125 2964 1247 3030 efficere
1263 2966 1332 3032 dem

228 3071 363 3144 stretur,
391 3063 480 3129 unda
505 3065 591 3132 haud
613 3087 716 3150 pauca
737 3067 934 3145 testimonia,
965 3086 1047 3148 quae
1068 3064 1161 3152 vulgo
1182 3067 1332 3152 abimpe1

297 3307 319 3376 ⁸)
337 3305 416 3374 Quod
440 3307 523 3362 etiam
548 3308 583 3362 de
606 3308 753 3362 Ritsohelii
776 3309 885 3363 libello:
911 3309 946 3363 de
969 3308 1023 3365 0ro
1046 3315 1075 3364 et
1097 3310 1196 3365 Orione
1216 3310 1332 3380 [op.1.i

226 3397 292 3449 ante
316 3393 362 3448 Et.
380 3394 418 3448 M.
443 3394 592 3449 editionem
617 3395 836 3450 Gaislordianam
859 3395 963 3466 scripto
986 3399 1070 3454 valet.
1106 3398 1146 3452 Cl.
1169 3397 1264 3451 Lenta:
1289 3400 1332 3453 He

228 3483 250 3536 l.
268 3481 356 3550 praef.
374 3499 400 3550 p.
420 3480 533 3535 ocx1v.

296 3586 317 3655 ⁸)
336 3585 451 3640 Hermes
468 3586 541 3653 XVI,
559 3604 586 3655 p.
599 3588 660 3640 624.
691 3586 817 3640 Ceterum
835 3588 884 3642 has
902 3605 946 3642 res
965 3605 1027 3643 cum
1047 3593 1195 3657 exponeret
1213 3589 1332 3646 Wilamoi

226 3675 255 3727 in
273 3673 374 3727 scholis
392 3673 565 3741 academicis,
584 3674 619 3726 de
637 3673 777 3742 Stephano
796 3675 925 3729 etEthi.
945 3677 1092 3745 praecepit,
1111 3694 1165 3730 non
1183 3676 1278 3731 referre
1296 3685 1332 3734 utu

226 3760 416 3814 commentarii
432 3759 476 3813 illi
492 3760 684 3830 geographici,
708 3762 755 3828 qui
773 3761 881 3830 saepius
900 3749 973 3831 apud
991 3767 1138 3831 utrumque
1155 3763 1189 3817 ad
1207 3763 1313 3818 verbum
1331 3785 1332 3819 1

228 3847 383 3916 concinent,
410 3863 425 3900 e
443 3846 582 3915 Stephano
600 3846 677 3901 fonte
695 3865 731 3900 an
749 3865 784 3901 ex
801 3849 940 3916 Apollonii
959 3850 1071 3904 scholiis
1096 3850 1163 3920 ipsis
1182 3850 1208 3904 in
1225 3851 1308 3918 Etym.
1328 3873 1332 3922 q

228 3933 361 3989 venerint
400 3932 459 4001 Qua
478 3934 512 3988 de
529 3950 559 3987 re
578 3951 640 3988 cum
658 3933 687 3988 in
706 3935 863 3990 universum
882 3938 1061 4004 consentiam,
1085 3938 1179 3991 multis
1196 3941 1278 3990 tamen
1297 3958 1329 3992 ex

226 4022 279 4090 pli's
303 4020 494 4074 demonstrare
518 4022 650 4089 studebo,
677 4021 845 4091 Stephanum
867 4040 1000 4093 persaepe
1019 4025 1103 4079 luisse
1127 4024 1233 4079 fontem.
1265 4027 1332 4080 Acce

226 4108 299 4176 quod
318 4111 407 4161 totum
426 4125 494 4176 opus
511 4107 644 4177 Stephani
668 4111 756 4180 magis
777 4110 905 4165 idoneum
930 4111 984 4166 luit
1002 4113 1036 4166 ad
1056 4113 1165 4183 singula
1182 4112 1237 4164 loca
1252 4119 1332 4166 encta

226 4212 308 4264 quam
326 4194 450 4264 dispersa
470 4194 610 4263 Apollonii
630 4197 735 4250 scholia
753 4198 945 4267 geographica.
