2748 4714
108 1405 161 1477 De
188 1404 376 1498 Stephano
399 1403 585 1494 Byzantio
608 1410 648 1476 at
677 1405 936 1497 etymologiae
962 1408 1109 1498 blaguo.

111 1606 195 1683 Quot
223 1605 381 1669 variorum
414 1603 602 1686 scriptorum
625 1603 814 1686 fragmenta,
847 1605 969 1670 etiamsi
997 1606 1194 1690 singulorum

22 1707 139 1771 desunt
161 1706 299 1784 nomina,
327 1703 528 1788 eStephano
549 1703 703 1788 Byzantio
732 1703 838 1789 colligi
867 1707 990 1789 possint
1019 1707 1195 1774 luculenter

21 1805 239 1891 compluribus
276 1805 428 1889 exemplis
471 1805 698 1871 demonstravit
735 1805 868 1872 Niesius.
929 1804 1025 1872 Cuius
1067 1810 1195 1894 vestigia

19 1917 150 1976 secutus
178 1929 251 1974 cum
271 1905 313 1972 ad
335 1905 550 1972 Alexandrum
573 1905 813 1992 Polyhistorem‚
842 1907 994 1993 Stephani
1024 1915 1195 1990 auctorem,

18 2012 201 2078 accuratius
233 2007 484 2092 cognoscendum
516 2006 654 2073 studium
684 2015 913 2090 converterem,
948 2030 1031 2075 nova
1063 2011 1139 2076 mihi
1162 2033 1196 2078 se

18 2111 140 2179 obtulit
170 2112 314 2194 quaestio
346 2109 386 2176 de
416 2109 660 2193 ethnicograpbi
687 2109 811 2175 lacunis
840 2109 1005 2195 explendis
1037 2110 1193 2178 habenda.

18 2215 124 2292 Quem
153 2211 271 2278 bbrum
301 2211 434 2294 pessime
465 2209 608 2276 habitum
646 2207 687 2276 ab
714 2212 923 2296 epitomatora
958 2211 1061 2278 tribus
1096 2217 1196 2298 potis-

17 2317 138 2380 simum
160 2333 178 2377 e
199 2311 355 2390 lontibus,
387 2334 404 2377 e
426 2307 634 2377 Constantino
656 2309 975 2396 Porphyrogennata,
1003 2335 1042 2380 ex
1064 2314 1196 2400 Etymo-

17 2415 128 2498 logico
151 2411 283 2496 Magno,
313 2411 471 2478 Eustachii
493 2410 536 2478 ad
557 2411 728 2478 Homerum
756 2418 789 2478 st
807 2411 990 2500 Dionysium
1012 2415 1194 2501 Periageten

17 2515 258 2583 commentariis
294 2514 437 2580 homines
468 2511 553 2579 docti
586 2513 649 2578 iam
680 2514 754 2579 inde
786 2515 828 2580 ab
861 2513 1021 2596 Holsteni,
1057 2517 1193 2599 Berkeli,

14 2617 79 2685 Tb.
102 2616 142 2684 de
164 2615 283 2682 Pinedo
304 2621 409 2682 aetate
430 2615 482 2680 hic
503 2614 568 2680 illic
590 2617 756 2682 restituere
777 2616 980 2698 studuerunt3
1002 2619 1058 2703 qni
1080 2618 1194 2687 deinde

12 2721 176 2804 Stephani
207 2716 320 2785 edendi
351 2738 464 2782 munus
495 2723 711 2802 susceperunt,
742 2719 1000 2786 Westerrnannus
1020 2727 1052 2786 et
1073 2720 1193 2788 Meine-

13 2825 104 2900 lrius,
127 2842 209 2886 nova
230 2817 429 2885 addiderunt.
473 2817 589 2884 Omnes
612 2839 685 2884 vero
714 2820 791 2885 mihi
817 2820 964 2886 videntur
990 2842 1138 2905 peccasse
1158 2825 1193 2888 in

13 2945 71 3000 ee,
94 2921 179 3005 quod
202 2927 290 2987 certa
311 2917 449 3002 quadam
471 2921 523 2984 via
543 2941 582 2986 ac
603 2923 727 2986 ratione
748 2920 790 2987 ad
804 2944 871 2987 rem
886 2942 949 2987 non
965 2929 1039 2987 sunt
1053 2927 1193 3007 aggressi

13 3044 126 3107 neque
156 3021 314 3107 peculiare
343 3021 480 3087 studium
508 3023 542 3087 in
569 3021 731 3106 Stephano
764 3021 920 3107 explendo
949 3023 1192 3106 collocaverunt,

13 3125 77 3192 sed
101 3125 147 3190 ita
168 3129 310 3208 egerunt,
341 3131 377 3188 ut
406 3124 616 3207 quodcunque
637 3131 841 3208 augmentum
868 3124 934 3190 fere
954 3123 1039 3190 ultro
1061 3147 1095 3192 se
1117 3126 1193 3193 offe-

11 3225 115 3296 rebat
136 3226 314 3308 reciperent
335 3224 383 3290 vel
414 3224 553 3290 brevitor
579 3232 703 3291 tantum
735 3226 769 3290 in
788 3224 1048 3314 annotationibus
1070 3233 1193 3294 tracta-

8 3334 94 3398 rent
104 3333 140 3413 ¹).
192 3325 304 3410 Itaque
335 3327 478 3409 quamvis
510 3333 598 3392 recta
625 3328 675 3391 via
704 3325 888 3392 iamdudum
915 3332 1053 3410 pateret,
1087 3336 1194 3395 tamen

8 3428 147 3512 ingredi
176 3448 246 3494 eam
275 3428 418 3494 homines
447 3428 531 3493 docti
555 3427 786 3493 dubitaverunt.
830 3425 940 3510 Neque
962 3429 1108 3510 equidem
1134 3431 1194 3496 du-

6 3531 203 3609 bitaverim,
235 3531 261 3595 si
294 3550 393 3594 novus
426 3535 500 3613 post
521 3528 668 3594 Meinekii
696 3529 863 3594 editionem
894 3528 1034 3613 prodibit
1066 3532 1194 3613 quando

7 3632 202 3715 Stephanus
226 3669 259 3679 -
287 3631 319 3695 id
342 3629 427 3712 quod
450 3651 523 3696 mox
547 3629 680 3696 fortasse
702 3629 757 3696 fiet
779 3671 818 3684 .-
841 3630 918 3712 quin
939 3629 991 3695 his
1016 3633 1093 3714 ipsis
1114 3653 1194 3715 quas

4 3735 87 3803 dixi
126 3734 239 3819 opibus
277 3739 388 3798 auctus
427 3731 552 3798 iuturus
584 3733 636 3797 sit.
689 3730 796 3796 Taedii
829 3736 935 3796 sutem
969 3731 1066 3814 plena
1098 3740 1134 3799 ut
1161 3736 1194 3799 in

4 3891 228 3914 .--—-·-··-·-·-

92 3981 114 4050 ¹)
132 3977 174 4032 De
192 3975 330 4030 Eustathii
348 3975 384 4030 ad
401 3975 534 4046 Stephani
553 3995 617 4048 opes
636 3977 775 4048 augendas
794 3993 844 4031 usu
863 3975 937 4031 baud
954 3992 1043 4046 pauca
1059 3979 1197 4048 congessit

2 4071 248 4129 Westermannus
268 4063 399 4119 editionis
417 4079 481 4118 suaa
500 4081 526 4134 p.
547 4063 703 4132 xn-xv,
731 4064 832 4133 quibus
857 4065 947 4117 multa
969 4080 1033 4117 sane
1051 4065 1116 4120 addi
1134 4084 1194 4135 pos·

2 4159 92 4218 sunt.
134 4152 223 4210 Valde
250 4157 342 4207 nutem
367 4152 469 4206 mirum
494 4157 550 4220 est,
579 4153 653 4221 qnod
676 4153 764 4206 multa
787 4167 820 4204 ax
845 4151 888 4204 his
906 4149 1060 4205 Meinekins
1082 4169 1193 4222 prorsus

2 4243 152 4316 neglexit,
170 4240 304 4296 nonnulla
322 4239 405 4294 stiam
424 4239 627 4294 Waatsrmanni
646 4241 756 4294 nomine
774 4238 874 4292 omisso
893 4238 970 4292 velut
987 4254 1036 4292 sua
1054 4238 1157 4294 attulit.

926 4340 965 4394 1*
