2748 4714
773 162 815 228 48

210 350 328 433 quippe
349 348 432 432 quod
460 349 523 414 alio
553 353 650 432 atque
672 349 871 415 Stratonicea
891 347 963 413 loce
984 367 1084 431 prope
1105 347 1264 432 Mylasam
1288 349 1373 413 situi

210 458 300 528 esset,
344 451 398 535 (cl.
429 451 555 516 titulum
586 451 717 534 Apellae
743 471 763 514 a
790 449 1031 514 Wilamowitzio
1063 449 1183 515 editum
1214 451 1250 514 in
1288 451 1374 533 Isyll·

210 575 240 636 p.
266 554 336 619 111.
369 552 445 637 123)
482 562 606 636 portem
642 553 717 618 olim
754 554 849 618 fuisse
886 552 1123 638 Chrysaoridis‚
1161 573 1245 634 quae
1285 551 1373 615 mul

210 653 330 738 oppida
351 654 436 717 velut
450 653 679 718 Stratoniceam
702 654 979 738 complectebatur.
1019 654 1121 735 Atque
1143 654 1227 718 hauc
1244 653 1372 736 quidem

211 776 305 838 quam
328 755 404 820 mibi
418 759 565 839 exposuit
577 755 835 821 Wilamowitzius
858 757 1048 822 sententiam
1067 758 1211 840 proxime
1236 756 1280 820 ad
1304 756 1366 820 veri

210 863 308 922 tatem
331 856 621 936 accederecenseo.
1117 917 1121 924 .

299 957 419 1023 Deinde
441 959 535 1022 etiam
559 979 605 1036 ee,
629 978 710 1039 quae
732 958 909 1024 Herodotus
934 961 960 1036 l,
986 958 1047 1021 173
1073 965 1105 1023 et
1125 957 1243 1024 Strabo
1266 981 1298 1041 p.
1321 957 1370 1022 57·

212 1065 251 1124 de
267 1058 468 1124 Cretensibus
479 1059 523 1142 ⁸⁰)
546 1058 740 1142 Sarpedonis
761 1059 860 1124 ductu
881 1063 913 1124 in
930 1061 1035 1123 Asiam
1059 1061 1270 1142 transgressis
1289 1066 1374 1140 atqu

212 1161 340 1245 Lyciam
353 1160 582 1243 occupantibus
598 1160 676 1224 dicit
691 1183 774 1226 nunc
791 1161 832 1225 ab
845 1160 1013 1243 Apollonio
1031 1167 1174 1226 tenemus
1185 1168 1296 1236 aucta,
1311 1182 1372 1224 ιιιιιι

211 1261 251 1325 de
265 1261 432 1345 Lyciorum
453 1262 488 1325 in
511 1268 629 1327 terram
650 1263 784 1328 vicinam
808 1261 1059 1346 expeditionibus
1081 1283 1165 1328 nova
1186 1285 1275 1328 nuno
1297 1284 1363 1326 acc

212 1364 324 1446 pimus.
369 1362 416 1427 De
437 1363 541 1428 Idrieo
563 1370 680 1442 autem,
710 1363 798 1430 Garis
820 1363 896 1442 filio,
919 1364 978 1428 nisi
1003 1363 1062 1428 hoc
1085 1363 1155 1428 loco
1177 1367 1300 1429 mentio
1322 1384 1372 1426 no·

210 1465 347 1529 inicitur.

301 1566 379 1631 Tum
397 1572 498 1632 restat
518 1573 555 1631 ut
576 1567 729 1650 Stephani
751 1568 921 1633 nonnullos
950 1589 1072 1633 errores
1098 1567 1286 1651 significem,
1330 1566 1363 1628 Vi

212 1667 305 1732 detur
326 1668 409 1731 euim
431 1668 517 1733 haud
538 1689 612 1733 raro
633 1668 902 1752 ethnicographus
923 1670 963 1734 de
977 1669 1112 1734 Idriadis
1127 1671 1242 1752 oppidi
1259 1669 1371 1734 nomin·

214 1769 383 1833 falsissima
410 1770 588 1851 protulisse.
632 1769 750 1835 Scribit
778 1791 802 1833 s.
825 1792 854 1834 v.
873 1765 1056 1857 Ἑκαιησία.
1094 1767 1197 1848 οὕτως
1226 1763 1374 1858 ἡἿδριά

214 1866 314 1946 πόλις
343 1867 490 1933 ἐκαλεῖτο
522 1867 652 1954 Καρίας.
694 1868 826 1956 ratio)
855 1868 914 1956 γὰρ
942 1868 1110 1952 τεύξοντες
1138 1866 1169 1935 oi
1195 1874 1308 1954 Κᾶρες
1328 1868 1360 1954 rip

213 1967 295 2036 θεὸν
317 1973 494 2054 Λαγινῖιιν
517 1969 672 2037 ἐκάλεσαν
692 1966 762 2036 ἀπὸ
789 1975 850 2036 τοῦ
881 1970 1039 2058 φυγόντος
1068 1968 1149 2058 ζῴου
1171 1970 1244 2038 ἐκεῖ
1265 1969 1318 2036 καὶ
1339 1995 1365 2033 ιι

209 2068 384 2158 ‘Euserium
410 2073 577 2149 τελοῦντες
605 2069 706 2151 οὕτως
726 2063 920 2154 ὠνόμασαν.
964 2095 1045 2157 quae
1076 2078 1180 2138 omnia
1214 2095 1292 2139 saue
1322 2093 1372 2136 uon

212 2174 251 2239 ed
275 2161 635 2256 1ι1ι1οι1ειιιρειιίιιιιιιι,Δ
670 2177 722 2239 sed
746 2175 787 2240 ad
809 2176 978 2259 Leginum,
1014 2176 1097 2259 quod
1121 2176 1278 2259 oppidum
1301 2196 1361 2237 com

214 2276 399 2340 memoravit
421 2275 606 2358 Apollonius
633 2277 666 2338 in
695 2276 777 2341 libro
805 2277 890 2342 XVI.
936 2279 995 2344 Sed
1026 2278 1108 2343 idem
1137 2279 1219 2342 miro
1249 2276 1369 2359 quodau

215 2376 351 2442 ldriadis
373 2377 509 2441 nominis
531 2397 639 2441 amore
660 2377 774 2444 ductus
793 2381 903 2445 vitium
926 2381 1082 2444 commisit
1103 2379 1287 2462 Stephanus
1309 2398 1331 2440 s.
1351 2395 1365 2438 ι

215 2470 376 2560 Εὔρωπος
488 2471 561 2542 ἔστι
582 2475 636 2542 καὶ
659 2470 743 2565 detq
765 2476 900 2563 Καρίας.
937 2472 1135 2566 ‘rir'ldptoido
1157 2474 1230 2544 ἀπὸ
1252 2475 1372 2563 Ἱδριέως

214 2579 274 2642 τοῦ
296 2572 502 2663 Χρυσάορος,
536 2579 591 2644 obi
618 2580 764 2664 Europus
795 2601 866 2646 cum
895 2584 1034 2648 Euromo
1061 2582 1193 2649 confusa
1223 2590 1282 2648 est.
1324 2576 1372 2661 [uf.

216 2677 309 2744 Niese
331 2679 352 2744 l.
373 2679 393 2744 l.
416 2701 447 2764 p.
468 2679 536 2764 25]

297 2945 555 3038 Ἆρκόνησοςδῖ),
588 2954 688 3039 νῆσος
709 2950 846 3037 Καρίας.
886 2947 1114 3030 Ἀπολλώνιος
1135 2951 1261 3044 ἐβδόμῃ
1282 2959 1370 3034 Κορι-

215 3055 292 3118 κῶν.
338 3050 388 3136 [τὸ
412 3049 545 3120 ἐθνικὸν
561 3049 794 3141 Mercuriorum]

303 3154 495 3219 Arconesum
519 3177 617 3239 prope
639 3157 897 3222 Halicarnassum
922 3157 1016 3221 sitam
1037 3155 1134 3220 luisse
1161 3158 1226 3221 iam
1248 3155 1369 3220 diximus

216 3280 247 3343 p.
263 3257 314 3335 38,
335 3257 431 3340 plura
452 3254 559 3338 colligi
579 3278 644 3323 non
665 3263 805 3340 possunt.
849 3257 957 3340 Neque
979 3279 1061 3340 quae
1082 3259 1168 3341 apud
1189 3258 1370 3344 Stephanum

217 3381 242 3422 s.
276 3381 304 3421 v.
332 3350 587 3440 Ἁλικαρνασεύς
616 3357 762 3440 leguntur
796 3364 934 3423 veterum
973 3360 1164 3444 scriptorum
1198 3354 1368 3424 testimoniis

217 3459 388 3524 admodum
410 3459 506 3541 plena
520 3459 681 3541 Apollonii
702 3460 768 3523 ulla
789 3461 921 3543 vestigia
941 3461 1094 3537 indicant,
1117 3463 1260 3544 quamvis
1275 3458 1369 3524 urbem

218 3560 452 3626 celeberrimam
475 3565 559 3624 certe
580 3581 644 3625 non
666 3563 859 3644 oppresserit
878 3562 1015 3634 silentio.-

255 3749 257 3756 ’
289 3769 323 3838 ⁸⁰)
343 3766 385 3820 Cf.
404 3766 554 3822 Bnohofeu:
573 3769 606 3822 Ι).
625 3766 747 3836 lylrische
765 3767 844 3822 Velk.
863 3786 890 3837 p.
913 3769 1111 3824 tuscanae.

288 3856 323 3922 ⁸¹)
344 3855 461 3908 Summis
474 3854 625 3908 honeribus
637 3853 768 3922 templum
779 3855 897 3909 Hecates
908 3855 1068 3926 Laginensis
1081 3857 1154 3926 apud
1162 3853 1369 3932 Stratonicenses,

220 3943 266 4010 qni
285 3942 390 3997 ibidem
409 3945 558 3996 conventos
578 3940 711 4011 agebant,
734 3940 859 3996 floruisse
878 3942 960 3997 docet
977 3961 997 3996 s.
1017 3961 1041 3998 o.
1062 3943 1221 4012 Legiuense.
1250 3937 1322 4007 (uult.
1339 3932 1367 3984 de

220 4046 289 4084 corr.
309 4027 373 4081 hell.
391 4027 430 4080 lx
447 4044 474 4106 p.
493 4028 656 4096 eet-474.)

290 4115 326 4184 ⁸⁸)
343 4113 382 4168 ct.
401 4112 517 4168 Stiehle:
537 4113 608 4168 Phil.
628 4115 655 4184 9,
673 4117 733 4170 485.
