2748 4714
730 217 771 282 68

251 403 438 468 Menecratis
459 401 608 477 Xanthii,
638 423 744 468 rerum
773 401 940 484 Lyciorum
968 396 1132 482 scriptoris
1156 395 1338 480 fragmenta

168 509 306 587 quatuor
334 504 484 587 leguntur
512 502 598 586 apud
621 503 790 567 Miillerum
812 501 852 578 II,
875 524 906 586 p.
931 501 1003 568 343.
1046 498 1083 563 Io
1112 496 1228 580 quibus
1250 495 1344 580 inve-y

167 607 254 672 nitur
275 627 374 670 uuum
396 604 481 668 haud
503 603 667 688 indignum
690 606 776 687 quod
804 603 985 669 accuratius
1013 601 1208 684 inspiciatur.
1251 596 1340 662 Dicit

168 708 250 772 enim
275 707 453 789 Stephanus
475 725 498 768 s.
521 726 548 769 v.
566 699 790 790 Ἀρτόμνησος,
816 702 915 781 πόλις
935 697 1078 782 Λυκίας,
1100 694 1241 778 ι’ίποικος
1254 694 1341 766 Ξαν-

168 804 265 872 θίων.
307 800 345 871 τό
378 799 512 871 levando
538 799 782 890 Ἀρτυμνησεός.
828 802 1038 890 Μενεκράτης
1064 801 1098 867 ἐν
1130 798 1242 888 πρώτη
1273 799 1341 864 τῶν

167 912 348 982 Λυκιακῶν
381 929 495 993 φησιν,
532 902 584 971 ὅτι
614 904 970 992 πολυανθριοπήσσσαν
1005 899 1065 992 τήν
1096 900 1231 972 Ξάνθον
1261 894 1343 976 τούς

171 1007 357 1093 πρεσβύτας
378 1005 425 1086 εἰς
447 1004 521 1092 τρία
541 1005 621 1094 μέρη
643 1008 776 1088 διελεῖν,
808 1004 934 1073 τούτων
962 1006 998 1072 δὲ
1020 1000 1098 1084 τοός
1118 1003 1178 1088 μὲν
1199 1000 1257 1070 ἐπὶ
1281 994 1344 1066 τόν

170 1105 300 1194 Κράγον
322 1109 435 1175 ἐλθεῖν
456 1109 510 1174 καί
532 1104 657 1175 οἰκίσαι
678 1107 713 1175 ἒν
734 1114 780 1194 τῷ
801 1103 869 1193 όρει
884 1106 989 1194 λόφον
1006 1105 1201 1191 στρογγύλον
1214 1109 1345 1189 [κατοι-

170 1208 275 1287 κίσαι,
308 1212 393 1295 quod
424 1212 514 1278 codd.
543 1212 677 1288 habent,
712 1211 800 1277 deleo
829 1232 901 1276 cum
929 1211 1096 1292 Salmasio]
1126 1205 1181 1271 καὶ
1203 1203 1343 1270 καλέσαι

170 1311 230 1398 τὴν
252 1309 352 1379 πόλιν
373 1310 540 1397 Πινάρου,
563 1303 601 1399 ἣν
622 1308 927 1398 μεθερμηνεόεσθαι
948 1307 1154 1396 στρογγύλην,
1197 1300 1245 1374 τά
1269 1300 1346 1391 γάρ

172 1410 397 1498 στρογγύλα
420 1411 553 1479 πάντα
576 1410 728 1496 πίναρα
749 1413 1038 1479 καλοῦσιν

257 1533 405 1598 Videmus
435 1534 532 1617 igitur
552 1533 765 1600 Menecratem
787 1553 895 1616 uocem
922 1532 1108 1618 popularem
1131 1530 1222 1597 nobis
1243 1528 1351 1594 tradi-

173 1635 265 1699 disse.
299 1634 409 1718 Neque
430 1637 524 1700 etiam
540 1635 626 1718 apud
641 1635 838 1719 Stephanum
860 1635 975 1700 desunt
996 1634 1087 1709 aliae,
1110 1633 1235 1716 quibus,
1258 1632 1350 1714 quod

172 1735 292 1801 nullius
313 1740 451 1801 auctoris
468 1758 587 1803 -nomen
604 1741 652 1802 est
664 1736 849 1821 praefixum,
874 1735 1086 1801 Menecratem
1107 1734 1266 1799 vindicare
1280 1755 1351 1799 nou

174 1837 294 1901 dubito.
339 1837 421 1903 Sunt
441 1844 547 1903 autem
571 1838 647 1904 hae:

262 1935 465 2021 Κάόρεμα,
499 1935 598 2017 πόλις
619 1937 766 2019 Λυκίας,
794 1933 935 2016 άποικος
955 1931 1098 2019 Ὀλβίοιν.
1142 1931 1364 2024 ἑρμηνεύεται.

177 2037 212 2104 δὲ
235 2034 328 2103 σίτου
348 2033 495 2125 φρυγμός
517 2035 535 2127 ἡ
559 2037 667 2119 πόλις.
783 2089 786 2095 ·

265 2137 438 2227 Τόμηνα,
477 2138 569 2226 κιόμη
597 2138 738 2217 Λυκίας.
783 2137 908 2228 ἐκλήθη
942 2139 978 2206 dc*
1011 2135 1081 2205 άπό
1113 2163 1203 2220 τινος
1230 2138 1353 2225 τράγου

177 2237 281 2318 οὕτως
291 2235 541 2324 ὀνομαζομένου,
552 2233 588 2322 ’ός
599 2238 889 2326 ἀπαλλασσόμενος
904 2235 973 2307 άπὸ
991 2245 1050 2307 τοῦ
1065 2237 1221 2307 αἰπολίου
1236 2237 1355 2328 ἤρχετο

176 2335 236 2408 τόν
267 2339 408 2426 πώγωνα
434 2345 661 2431 βεβρεγμένος,
692 2336 718 2430 ᾦ
747 2340 1092 2431 κατακολουθήσαντες
1120 2333 1211 2427 εὗρον
1242 2344 1358 2433 πηγην

178 2437 213 2509 όν
236 2466 300 2508 τινι
323 2441 434 2533 λόχμη.
477 2444 533 2511 καί
554 2444 674 2531 ταύτην
694 2444 750 2511 καί
771 2440 809 2510 τό
831 2435 1055 2531 χωρίον’σίίτοι
1076 2446 1220 2512 καλέσαι.

255 2543 409 2626 Ὕλαμοι,
443 2544 541 2624 πόλις
562 2543 696 2625 Λυκίας
718 2587 732 2598 -
746 2587 761 2598 -
777 2585 792 2598 -
821 2543 1016 2628 Ὑλάμους
1043 2545 1080 2614 δὲ
1106 2541 1184 2626 τοός
1204 2547 1355 2634 καρποός

178 2669 262 2733 φασι
273 2647 342 2734 ¹⁰⁸).

266 2767 376 2832 Restat
397 2789 495 2833 uuum
518 2768 738 2851 fragmentum,
761 2790 825 2852 quo
847 2768 954 2852 glossa
969 2769 1135 2854 Lyciorum
1157 2773 1357 2851 continetur,

179 2868 354 2934 Alexandri
384 2868 589 2952 Polyhistoris
617 2871 744 2937 nomine
772 2871 904 2953 insigne.
947 2870 1009 2936 Vix
1042 2881 1147 2937 autem
1180 2873 1358 2956 quisquam

178 2970 385 3054 Polyhistoris
407 2970 446 3034 de
468 2970 564 3035 rebus
586 2970 723 3036 Iudaicis
744 2972 846 3037 verbis
870 2973 966 3037 semel
993 2974 1143 3056 inspectis
1173 2974 1359 3054 crediderit,

178 3091 319 3154 unquam
342 3092 412 3137 eum
435 3092 542 3136 verum
569 3073 792 3156 conscripsisse
813 3072 929 3138 librum
952 3094 1055 3157 neque
1077 3076 1235 3158 excerptis
1259 3095 1359 3144 usum

178 3194 254 3238 esse.
299 3173 525 3256 Fragmentum
547 3181 611 3240 est:

262 3270 412 3359 Πάταρα,
436 3272 534 3353 πόλις
554 3272 695 3355 Λυκίας.
719 3315 760 3324 -
785 3269 994 3360 Ἀλέξανδρος
1015 3274 1180 3342 Σαλακίαν
1201 3276 1299 3366 κόρην
1323 3280 1363 3364 ἐξ

174 3368 360 3460 Ὀφιονίόος
387 3375 469 3462 φησί
500 3376 610 3461 φέρειν
637 3371 706 3461 ίερά
736 3380 786 3464 τῷ
813 3373 1001 3444 Ἀπόλλωνι
1027 3377 1062 3446 ἐν
1083 3376 1225 3469 πατάρρ.
1272 3374 1362 3450 εἶναι

179 3475 215 3541 ds*
243 3481 344 3542 ταῦτα
372 3474 529 3558 πέμματα
558 3475 658 3563 λύρας
684 3503 720 3545 τε
748 3477 804 3544 καὶ
831 3475 911 3560 τόξα
939 3477 993 3544 καί
1020 3478 1116 3567 βέλη,
1147 3473 1198 3560 οἷς
1223 3480 1362 3564 παίζειν

178 3575 317 3663 νηπίους
349 3572 453 3656 όντας.
497 3583 617 3644 θεῖσαν
647 3580 684 3646 δὲ
717 3582 755 3646 τό
788 3575 886 3664 ι’ίγγος
916 3574 1150 3648 άναπαόεσβαι
1176 3579 1261 3652 κατά
1294 3581 1362 3673 τήν

179 3671 267 3745 ὁδόν.
311 3671 431 3760 άνεμσν
462 3674 491 3745 d'
518 3678 763 3748 ίπιπνεόσαντα
794 3677 842 3760 είς
870 3677 932 3771 την
960 3679 1135 3750 θάλασσαν
1155 3686 1269 3768 βαλεῖν
1292 3687 1360 3776 τήν

250 3901 296 3970 ¹⁰⁸)
314 3902 389 3970 Quae
419 3905 587 3958 antecedunt
615 3906 712 3960 verba:
748 3903 807 3958 εῖτα
832 3902 1020 3965 Διονόσιός
1050 3920 1119 3977 φησι
1147 3904 1278 3979 Τοόβεριν
1309 3917 1363 3965 καὶ

183 3991 316 4058 Τέρμεριν
333 4007 358 4058 q.
378 4007 399 4042 s.
418 4017 451 4030 -
470 3991 612 4060 scriptoris
630 4009 730 4046 nomen
747 3991 885 4056 exhibent,
904 3993 952 4061 qui
969 3993 998 4046 in
1016 3993 1108 4048 indice
1129 3995 1263 4052 Meinekii
1282 3999 1360 4054 desi·

180 4076 300 4130 deretur.
344 4077 395 4130 Est
417 4079 490 4130 enim
508 4077 653 4147 Dionysius
676 4081 730 4145 ille,
755 4081 803 4148 qui
827 4082 928 4138 κτίσεις
950 4081 1062 4150 scripsit
1069 4100 1078 4142 ‚·
1101 4081 1136 4135 cf.
1156 4081 1199 4136 Fr.
1221 4083 1288 4139 hist.
1308 4087 1360 4142 lv.

178 4180 206 4232 p.
226 4167 287 4232 394,
306 4166 331 4218 4.
367 4163 446 4219 Phot.
464 4179 486 4220 ι.
504 4181 530 4219 v.
543 4166 711 4236 sttpwoeto,
730 4167 778 4221 ubi
797 4165 851 4222 hoc
868 4164 1053 4238 fragmentum
1071 4168 1248 4226 inserendum
1267 4177 1320 4229 est.
