2748 4714
573 249 613 313 41

34 431 98 496 eulis
111 453 127 497 e
141 453 229 498 serva
243 432 327 497 filius
342 453 405 498 non
416 433 574 518 Bergosus
588 434 642 500 sed
655 434 874 501 Oleodeeus
884 439 926 521 θ’)
949 437 1064 502 ibidem
1081 459 1179 503 nuuc-

34 541 142 614 uputur}
156 533 370 626 Palaephatus
378 536 488 601 deinde
500 525 615 620 [XLV]
627 537 770 602 Herculis
780 537 986 623 etOmphales
996 538 1094 604 filium
1102 540 1179 620 Leo·

34 635 126 699 medon
147 635 231 711 dicit
256 657 349 718 quem
362 638 574 721 Apollodorus
596 639 649 722 [11‚
674 641 703 716 l,
727 639 761 722 8]
782 639 1025 705 Laomedontem
1050 640 1128 705 dicit
1149 647 1180 706 et

33 735 159 801 elleline
176 741 284 802 natum
306 759 373 802 esse
395 740 678 824 commemoret⁶³).
710 739 820 804 Totam
842 747 947 804 autem
968 741 1008 805 de
1022 741 1179 827 Omphale

34 833 154 900 luhulem
171 839 364 920 perterruisse
380 841 564 923 scriptorem
580 841 759 906 testimonio
774 849 822 905 est
833 841 902 905 fr.3
918 840 962 923 [4.
973 841 1029 926 M.]
1045 841 1180 907 Enarra-

34 937 110 1002 betur
123 939 220 1022 igitur
235 939 379 1005 Herculis
393 946 424 1005 et
439 939 609 1026 Omphales
625 942 813 1024 coniugium,
837 941 968 1026 Burgasi
983 943 1067 1025 fuge,
1089 943 1180 1028 oppi-

34 1037 269 1104 dnmcenditum.
292 1040 439 1106 Pluribus
451 1044 734 1127 veroApollonium
746 1042 828 1107 benc
840 1043 879 1107 de
889 1043 1028 1126 Bergeso
1040 1044 1180 1120 fabulam

33 1147 211 1220 persecutum
242 1164 309 1208 esse
336 1165 450 1209 novum
480 1145 689 1227 fragmentum
720 1145 936 1210 demonstrare
957 1145 1035 1209 mihi
1057 1146 1181 1211 videtur

33 1240 101 1320 qnod
122 1263 314 1325 quemquam
328 1246 470 1324 ,fortasse
492 1268 555 1310 non
578 1247 637 1311 fuit
659 1248 691 1310 in
714 1246 795 1312 libro
812 1245 865 1324 IV,
887 1252 994 1311 temen
1012 1247 1180 1331 Apollonio

34 1342 173 1408 vindicare
195 1365 260 1408 non
282 1345 400 1411 dubito.

100 1461 227 1548 Legitur
248 1466 331 1530 enim
353 1465 436 1548 apud
459 1463 654 1550 Stephanum
676 1487 701 1530 s.
724 1490 752 1531 v.

99 1713 249 1801 Κύαρδα,
285 1716 384 1796 πόλις
413 1716 552 1806 Καρίας,
589 1715 661 1786 ἀπὸ
691 1716 840 1804 Κυάρδου
868 1720 1030 1803 βασιλέως
1052 1728 1181 1808 Καρῶν,

33 1808 87 1878 elei
107 1815 287 1902 Βαργάσου.
330 1821 382 1905 [τὸ
406 1817 535 1888 eminio
549 1819 748 1916 .Κααρόείς.]

99 1936 248 2020 Sequitur
677 1987 681 1994 ·

476 2059 514 2124 ir.
538 2060 568 2124 5.
601 2061 636 2142 [5
657 2058 716 2144 M.]
823 2071 827 2082 '

95 2152 259 2238 Ὑδισσός,
293 2156 392 2237 πόλις
422 2156 565 2241 Καρίας,
599 2153 670 2224 ἀπὸ
694 2152 850 2224 Ὑδισσαῦ
879 2157 999 2236 παιδὸς
1030 2160 1182 2243 Βελλερο-

31 2251 134 2336 φόντου
171 2257 227 2323 καὶ
257 2255 427 2346 Ἀστερίας
460 2259 621 2344 θυγατρὸς
653 2255 766 2326 Ὑδέοι·
799 2255 929 2344 [Ὑδέως
959 2263 1104 2347 Salmas]
1138 2259 1183 2342 ὥς

28 2350 237 2450 Ἀαοίλιόνιας
253 2365 405 2444 Καρικῶν
419 2359 576 2448 receptor·
593 2358 650 2441 ,,ἐξ
662 2353 707 2427 ὧν
722 2359 877 2449 ἐγεννήθη
888 2358 1049 2443 Ὑδισσός,
1070 2359 1184 2451 Γ’Υὸης

32 2460 87 2522 eod.
108 2461 144 2528 R.
167 2470 200 2528 et
223 2463 316 2529 Mein.
345 2459 439 2542 ‘'Yorg
452 2465 541 2530 Voss.
562 2464 647 2548 Ale]
678 2461 713 2543 ἐξ
733 2451 770 2527 oi
792 2459 849 2534 καὶ
870 2459 888 2550 ἡ
912 2456 1183 2544 πόλιςὙδισσός.
1308 2520 1313 2534 .

34 2550 46 2620 ὁ
65 2559 200 2651 πολίτης
219 2561 393 2643 ‘recavere
417 2561 462 2643 ὥς
483 2560 581 2644 αὐτὸς
596 2559 825 2642 Ἀπολλώνιός
845 2585 952 2651 φησιν.

100 2665 166 2731 lam
200 2666 250 2730 his
283 2673 422 2750 quantus
449 2666 545 2734 fuerit
573 2669 708 2750 scriptor
736 2669 768 2730 in
795 2667 912 2731 fabulis
942 2667 1070 2732 remotis
1093 2666 1152 2731 adl
1168 2705 1183 2717 ·

34 2766 121 2832 reneis
142 2777 294 2852 apperet;
323 2789 416 2834 nemo
446 2773 530 2835 enim
557 2776 682 2853 praeter
704 2767 907 2852 Apollonium
928 2767 1182 2851 Bellerophontis

34 2869 211 2936 etruriae
232 2868 334 2934 filium
357 2869 525 2954 Hydissum
546 2891 689 2954 uuquam
712 2869 1029 2954 commemoravitil).

99 2987 210 3072 Neque
238 2989 446 3055 dubitandum
472 2995 519 3056 est
550 2989 627 3074 quin
658 3009 738 3053 novo
768 2987 945 3072 fragmento
973 2989 1000 3051 si
1023 3008 1086 3052 non
1109 2987 1183 3053 libri

34 3081 65 3144 lll
84 3093 187 3154 temen
210 3091 243 3156 in
264 3091 443 3156 universum
466 3091 629 3174 scriptoris
651 3091 759 3174 oopies
781 3109 897 3173 augere
918 3089 1089 3172 possimus:

101 3342 146 3409 St.
168 3344 207 3412 Β.
235 3344 450 3433 Βαργίλιαθῡ)
472 3394 501 3413 ..
523 3244 779 3429 πίΐίιςὸιΚαρίας,
801 3333 1006 3431 ἦν’Ἀιόααον
1027 3339 1060 3409 οἰ
1075 3345 1185 3429 Κᾶρές

35 3489 219 3502 “----ο-

87 3586 283 3656 “lPerperem
306 3587 378 3642 idem
400 3589 474 3658 spud
492 3589 640 3644 Eusebium
660 3606 700 3657 pr.
720 3606 761 3642 ev.
778 3588 813 3651 11,
832 3590 858 3654 2,
878 3589 913 3642 25
930 3603 946 3640 α
965 3588 1112 3644 Dindorfio·
1126 3608 1184 3644 mu·

34 3673 92 3726 istus
108 3679 150 3729 est
165 3674 194 3728 in
211 3673 355 3732 Κλεόλαος.

88 3760 119 3826 ⁸⁸)
137 3760 281 3828 Pnnyussis
308 3760 356 3831 [oi.
384 3762 469 3816 eehol.
498 3762 530 3816 V.
553 3761 588 3828 Ω,
618 3762 680 3831 616]
707 3761 853 3830 Omphales
881 3765 911 3814 et
936 3762 1062 3816 Herculis
1089 3768 1184 3818 netum

34 3843 178 3900 leheletem
189 3847 299 3902 videtur
309 3848 470 3916 appellasse,
485 3849 642 3902 Hellenibus
663 3855 755 3904 entem
765 3851 878 3902 Aoelnm
891 3849 1018 3903 Herculis
1031 3854 1060 3902 et
1073 3850 1185 3905 Melini·

34 3927 164 3999 Omphnlee
191 3950 284 3988 renue
311 3933 397 3988 filium
425 3936 601 4003 nuncupavit.
628 3934 661 3988 lr.
694 3939 743 3990 102
770 3936 808 3992 M.
835 3936 953 3990 Preller:
982 3953 1025 4004 gr.
1042 3936 1128 4005 myth.
1146 3937 1185 3990 2⁸.

33 4017 81 4085 283,
97 4022 122 4073 b.

88 4106 120 4173 “l
138 4103 262 4162 Fischer:
285 4105 465 4175 Bellerophon
483 4124 511 4176 p.
528 4111 571 4160 41.

90 4191 122 4262 ⁸⁵)
139 4192 179 4249 (Κ.
197 4191 297 4249 Strabo
314 4210 341 4262 p.
360 4195 420 4247 611.
437 4193 499 4246 658.
