2748 4714
748 239 790 302 36

267 420 336 498 Quo
352 420 391 487 de
412 422 548 488 frustulo
571 445 642 488 cum
666 424 719 488 vix
743 422 915 506 quidquam
938 420 1101 488 collecturi
1123 422 1229 500 simus,
1253 442 1342 504 pauca

180 543 219 587 ea
247 543 329 604 quae
361 525 400 590 de
427 526 581 608 scriptore
611 527 644 590 in
673 526 851 590 universum
881 522 1041 606 explorari
1063 531 1197 607 possunt
1218 524 1342 590 brevite]

180 623 321 690 afferam.
376 626 540 692 Laudatur
576 627 659 692 enim
692 649 711 690 a
743 624 866 691 duobus
899 625 1097 708 potissimum
1137 626 1342 710 scriptoribus

94 725 97 730 ’
181 725 353 791 Parthenio
377 728 468 809 [erot.
492 748 517 792 c.
542 729 576 810 6]
607 734 640 792 et
660 727 824 810 Stephano
844 728 883 808 [s.
905 748 933 792 v.
955 723 1127 812 Παλλήνη]
1150 727 1259 792 eadem
1287 729 1342 808 qui·

181 826 251 890 dem
275 825 315 891 de
336 849 380 905 re,
402 829 486 893 unde
506 830 659 893 terminus
681 836 756 893 ante
777 848 871 911 quem
886 829 954 910 ipse
969 827 1073 906 fuerit,
1097 828 1342 911 circumscriptor

180 933 237 993 est.
281 927 390 1010 Neque
418 930 511 1014 plura
541 930 689 1013 colligere
715 929 809 994 licere
840 928 916 993 mibi
947 929 1069 995 videtur
1098 950 1137 993 ex
1166 928 1342 1012 fragmentis

180 1031 271 1112 ipsis,
301 1031 418 1114 quippe
440 1051 521 1113 quae
542 1033 648 1097 emnia
677 1032 743 1096 fere
764 1051 815 1096 res
836 1035 959 1095 tantum
982 1029 1145 1096 fabulosas
1167 1033 1342 1114 scriptorem

182 1152 370 1197 memorasse
406 1131 574 1197 ostendant
589 1136 644 1217 ⁶⁴).
696 1131 840 1197 Ceterum
873 1133 968 1198 etiam
1004 1134 1065 1200 hac
1100 1135 1131 1198 in
1171 1135 1342 1214 quaestion<

181 1232 267 1297 haud
296 1234 342 1298 ita
372 1233 506 1298 multum
536 1232 634 1299 refert
660 1241 697 1298 ut
724 1234 820 1299 altius
850 1241 1050 1317 penetremus
1071 1236 1262 1319 praesertim
1284 1255 1342 1298 cum

181 1356 278 1400 unum
301 1341 425 1400 tantum
447 1334 620 1417 Theagenis
642 1334 682 1400 de
702 1335 821 1401 (laricis
842 1334 936 1400 rebus
959 1336 1170 1420 fragmentum
1193 1343 1342 1400 servatum

181 1437 230 1501 eit.
281 1435 476 1501 Accedamus
507 1437 603 1520 igitur
635 1436 677 1501 ad
711 1437 847 1502 alterum
876 1436 1029 1520 Stephani
1061 1442 1223 1502 auctorem
1255 1437 1342 1500 multo

181 1537 328 1603 uberiora
355 1538 575 1621 praebentem,
602 1537 753 1604 diuturna
779 1539 842 1603 iam
873 1537 1029 1603 oblivione
1051 1538 1218 1616 obrutum,
1249 1557 1342 1602 resur·

181 1639 350 1703 rectionem
374 1659 463 1703 suam
486 1638 622 1722 quodam
645 1640 738 1704 modo
761 1644 989 1721 expectantem,
1011 1639 1261 1724 Apollonium
1284 1639 1342 1703 dico

183 1738 530 1822 Aphrodisiensem
554 1739 618 1805 sive
640 1738 973 1822 Letopolitanum.

479 1946 711 2029 Apollonius
733 1944 1044 2030 Letopolitanus.

267 2073 363 2139 Cuius
389 2075 449 2141 viri
479 2074 519 2140 de
549 2077 670 2158 origine
698 2096 737 2140 ac
764 2076 895 2140 natione
924 2095 995 2140 cum
1025 2076 1162 2158 primum
1185 2075 1340 2140 dicendum

183 2178 233 2256 sit,
257 2175 385 2242 solitum
408 2176 551 2242 ordinem
572 2197 611 2241 ac
632 2177 715 2241 viam
736 2176 824 2241 illam
840 2177 1038 2241 tritissimum
1054 2177 1235 2259 relinquere
1250 2178 1340 2249 liceat,

182 2298 278 2360 quam
308 2281 363 2359 qui
392 2281 425 2342 in
448 2277 629 2344 hominibus
649 2276 807 2342 veteribus
837 2277 1037 2344 illustrandis
1060 2282 1225 2343 sectantur
1246 2279 1339 2343 eodem

182 2400 305 2464 semper
327 2400 420 2445 cursu
443 2399 480 2444 eo
502 2380 653 2458 tendunt,
681 2386 718 2444 ut
748 2381 887 2463 primum
908 2386 1006 2462 agant
1027 2379 1066 2443 de
1087 2379 1153 2444 vito
1176 2378 1290 2446 deiude
1308 2378 1338 2440 de

181 2481 318 2564 scriptis,
341 2501 405 2562 quo
427 2481 513 2546 facto
535 2504 601 2547 rem
625 2480 796 2546 confecisse
810 2479 870 2545 sibi
885 2481 1041 2546 videntur.
1078 2480 1231 2546 Nostrum
1248 2482 1337 2564 potius

181 2587 245 2660 est,
276 2603 347 2647 cum
376 2584 568 2664 paucissima
596 2583 667 2660 illa,
702 2603 784 2664 quae
810 2582 849 2647 de
875 2582 1037 2665 Apollonii
1067 2583 1134 2647 vita
1160 2591 1193 2647 et
1227 2582 1336 2664 scriptis

180 2683 299 2748 tradita
329 2690 422 2760 sunt,
455 2685 694 2749 tractaverimus
722 2683 795 2749 inde
825 2684 1013 2750 concludere
1040 2705 1121 2766 quae
1142 2686 1254 2767 utique
1274 2703 1334 2748 con·

181 2784 343 2850 cludenda
363 2790 452 2863 sunt,
480 2790 548 2850 tum
570 2803 643 2850 vero
665 2806 705 2850 ex
725 2784 924 2869 fragmentis,
954 2805 1036 2867 quae
1057 2785 1159 2849 multo
1179 2787 1334 2869 integriora

181 2885 414 2964 exhibebimus,
447 2886 487 2952 de
514 2887 679 2970 scriptoris
706 2893 739 2953 et
769 2892 873 2952 aetate
896 2891 928 2951 et
949 2891 1017 2951 tota
1040 2885 1199 2954 scribendi
1231 2889 1340 2952 ratione

180 2988 439 3073 quamplurima
459 2987 616 3070 colligere.
654 3041 659 3050 .

265 3090 373 3170 Aede
395 3091 460 3155 vita
481 3089 607 3172 quidem
631 3090 790 3174 Apollonii
819 3087 907 3172 apud
929 3093 1049 3154 veteres
1078 3088 1198 3172 duplex
1225 3091 1330 3173 praesta

180 3197 229 3258 est
249 3192 408 3257 narratio:
1338 3209 1339 3253 l

245 3293 467 3376 Stephanus
489 3294 576 3377 Byz.
598 3314 623 3358 s.
646 3317 674 3359 v.
992 3292 1145 3359 Suidaa.

222 3397 358 3482 Λητοῦς
385 3391 484 3471 πόλις
506 3389 684 3480 Αἰγύπτου
697 3445 704 3460 .
718 3445 743 3460 ..
844 3389 1068 3472 Ἀπολλώνιος
1114 3387 1338 3480 hippodromo„

248 3591 281 3662 ⁵⁴)
301 3593 389 3647 Unum
420 3596 470 3658 est,
499 3592 573 3661 quod
598 3592 761 3648 addiderim.
786 3593 912 3648 Herculis
939 3594 967 3647 in
991 3610 1089 3663 campo
1115 3593 1262 3664 Phlegraeo
1281 3601 1337 3682 crin¹

181 3679 349 3748 Gigantibus
368 3684 507 3733 certemen
524 3678 622 3733 iisdem
647 3680 704 3734 fere
729 3680 821 3734 verbis
839 3683 936 3734 narrat
957 3680 1163 3750 Theogenes
1189 3679 1234 3750 [cf.
1255 3673 1325 3741 sapt

178 3760 319 3833 Παλλήνη,
337 3781 454 3834 quacum
476 3783 542 3820 voce
566 3766 773 3835 coniungendas
795 3770 837 3820 est
853 3767 933 3822 Euat.
951 3767 988 3822 ad
1005 3767 1084 3822 Dion.
1102 3767 1165 3837 327]
1184 3772 1214 3821 et
1228 3761 1324 3820 Strabo

179 3869 206 3920 p.
225 3853 285 3916 8³0,
305 3853 348 3907 25.
366 3855 409 3907 27.
445 3853 486 3906 De
503 3852 630 3908 Herculis
647 3852 677 3906 in
694 3868 792 3922 campo
811 3853 968 3923 Phlegraeo,
987 3855 1034 3922 qui
1053 3857 1097 3907 est
1113 3853 1142 3908 in
1156 3854 1241 3918 Italia,
1258 3855 1322 3904 ecda·

179 3940 252 3990 mine
277 3937 387 3992 dixerut
410 3938 567 3992 Timaeus
591 3939 746 4008 (nieuw,
771 3945 813 4006 21,
832 3943 859 3994 6.
878 3940 956 3995 Moli.
976 3941 996 4006 1,
1024 3943 1082 4006 195,
1104 3942 1148 4008 10)
1172 3939 1245 3994 «lovis
1260 3934 1323 4004 ipsiu

179 4040 299 4093 pugnum
322 4026 386 4094 περὶ
409 4021 460 4092 τήν
482 4023 628 4090 Παλλήνην
651 4031 747 4079 namot
772 4025 883 4080 Diodor.
908 4028 941 4093 V,
966 4030 1009 4094 71,
1031 4031 1057 4081 4.
1082 4032 1203 4082 cotemm
1224 4024 1256 4080 cf.
1275 4020 1320 4073 Eur·

180 4109 260 4164 Herc.
283 4113 359 4166 1193.
393 4107 472 4165 Pind.
492 4110 570 4164 Nem.
599 4117 620 4175 1,
642 4115 701 4167 100.
734 4111 830 4166 Isthm.
855 4115 880 4180 6,
898 4115 941 4167 48.
976 4113 1104 4183 Apollod.
1126 4119 1148 4183 1,
1167 4117 1192 4183 6,
1213 4117 1234 4166 1.
1254 4103 1320 4178 Apoll.

180 4195 231 4252 Bb.
251 4199 276 4266 3,
297 4199 374 4252 1227.
395 4195 504 4265 Scymn.
523 4198 583 4274 Per.
603 4199 663 4252 642.
682 4197 799 4270 Hesych.
