2748 4714
761 238 804 303 26

198 422 286 490 nullu
322 425 408 508 apud
439 423 634 506 Stephanum
670 425 797 490 uberior
831 429 895 502 est,
932 421 1200 506 ethnicographus
1232 421 1353 488 eunden

198 524 452 608 Epaphroditum
482 526 604 592 inducit
632 531 752 593 testam.
799 525 883 591 Num
916 526 1013 609 igitur
1042 525 1256 589 dubitabimus
1290 523 1353 606 quin

198 626 291 692 etiam
322 627 382 694 hac
411 629 451 694 de
478 649 554 694 voce
579 629 694 694 adierit
714 628 892 712 Stephanus
914 627 1042 692 Homeri
1065 628 1353 692 commentatorem

197 727 307 810 Neque
336 732 448 806 etiam,
481 737 518 794 ut
537 731 571 794 id
592 751 718 814 quoque
738 731 870 808 addam,
900 727 1104 813 Etymologus
1127 750 1151 792 s.
1175 728 1206 793 h.
1228 749 1255 792 ν.
1281 727 1353 808 apae

197 829 380 911 phroditum
400 832 504 914 ipsum
526 832 641 897 adiisse
668 833 745 897 mihi
766 832 907 909 videtur,
935 831 990 896 sed
1013 851 1069 913 per
1089 829 1287 914 Stephanum
1308 843 1353 910 sua]

196 935 364 1018 accepisse.
419 934 515 1008 Sane,
549 934 655 1000 multis
687 934 779 1015 locis,
809 933 923 1017 quihus
956 933 1163 1015 grammatica
1194 935 1353 1014 praecepta}

197 1036 289 1101 nobis
311 1037 495 1112 traduntur,
513 1035 548 1098 E.
568 1035 609 1099 M.
633 1036 740 1101 hausit
760 1057 800 1100 ex
822 1034 1041 1120 Epaphrodito
1061 1036 1131 1118 ipso
1151 1032 1353 1098 intercedente

196 1137 302 1215 nullo,
336 1137 389 1204 sed
421 1139 567 1204 omnibus
593 1138 658 1202 fere
679 1139 712 1201 in
734 1137 913 1204 nominibus
934 1137 1171 1221 geographicis,
1204 1134 1262 1200 ubi
1284 1133 1353 1218 Epa

196 1239 337 1323 phroditi
368 1241 580 1306 testimonium
605 1239 753 1318 affertur,
786 1241 923 1323 primum
952 1246 1112 1306 auctorem
1147 1239 1217 1302 iure
1250 1235 1353 1312 dixeris

195 1341 487 1425 ethnicographum.
526 1341 616 1419 Quod
637 1348 673 1405 ut
694 1341 913 1420 demonstrem,
936 1361 1040 1425 pauca
1054 1339 1256 1423 percensebo.
1290 1337 1353 1434 Sap

196 1444 278 1508 enim
294 1439 513 1530 Κεφαλληνία,
536 1444 591 1507 ubi
612 1441 865 1526 Epaphroditum
896 1449 1060 1526 nuncupat
1080 1443 1117 1508 E.
1138 1441 1192 1520 M,
1214 1442 1280 1506 iam
1301 1439 1353 1522 pri-i

196 1544 266 1610 dem
297 1545 438 1614 homines
468 1546 554 1610 docti
577 1544 728 1628 Stephani
750 1545 928 1618 doctrinam
956 1550 1161 1628 agnoverunt.
1206 1564 1236 1607 v.
1261 1535 1353 1616 Bctiu,

196 1647 254 1730 [St.
288 1643 440 1730 Βαυίιια]
471 1646 583 1712 deinde
614 1648 658 1712 ita
691 1655 875 1732 comparata
911 1653 973 1724 est,
1007 1653 1044 1712 ut
1080 1665 1162 1730 quae
1193 1649 1347 1727 praecepta

194 1751 401 1832 grammatica
427 1749 646 1832 Epaphrodito
674 1751 874 1828 tribuuntur,
905 1749 1015 1816 eadem
1040 1747 1243 1814 inveniantur
1272 1745 1345 1810 etian

194 1851 279 1934 apud
302 1851 584 1934 ethnicographum
607 1851 732 1916 nomine
754 1853 891 1917 auctoris
912 1851 1039 1934 quidem
1062 1849 1187 1925 omisso,
1211 1847 1305 1930 quod,
1323 1853 1346 1908 ut

195 1953 375 2034 saepissime
396 1952 515 2018 facturn
538 1959 595 2030 est,
617 1953 834 2036 epitomatoris
855 1952 951 2037 culpa
971 1952 1101 2017 interiit.
1139 1950 1263 2016 Eadem
1284 1948 1353 2018 enini

193 2057 318 2119 ratione
346 2075 407 2120 vox
426 2047 545 2132 Ἀῶος,
575 2074 671 2137 quam
699 2055 857 2120 oblivione
884 2055 998 2138 tegisse
1027 2053 1211 2137 Staphanns
1238 2051 1344 2117 omniuo

194 2176 258 2221 non
291 2163 340 2221 est
370 2156 596 2240 expectandus,
629 2177 758 2240 prorsus
787 2157 955 2222 intercidit.
1004 2155 1125 2220 Deinde
1153 2155 1253 2220 etiam
1285 2171 1345 2234 quaa

193 2259 279 2343 apud
300 2258 494 2342 Stephanum
517 2281 540 2324 s.
556 2282 583 2324 v.
600 2253 756 2341 Ἀσαυρία
778 2264 888 2324 οιιλιιιιλ
909 2257 1125 2340 epitomatoris
1146 2277 1278 2322 manum
1297 2260 1344 2318 tau

193 2365 302 2442 aperte
324 2361 502 2438 ostendunt,
525 2367 562 2427 nt
582 2360 792 2445 Epaphroditi
814 2360 901 2443 quod
924 2381 1008 2424 nunc
1029 2359 1063 2424 in
1086 2357 1182 2425 EM.
1205 2379 1240 2440 p.
1260 2354 1342 2433 158,9

194 2462 308 2544 legitur
336 2464 549 2528 testimonium
578 2462 729 2528 facillime
754 2461 899 2526 excidere
932 2462 1072 2544 potuisse
1100 2481 1166 2524 non
1195 2460 1241 2524 sis
1269 2476 1340 2539 negt·

192 2567 342 2648 turusss).
386 2563 495 2646 Neque
516 2585 589 2629 vero
611 2565 651 2629 de
672 2584 747 2629 voce
769 2558 914 2650 Δωδώνη
938 2583 1012 2646 opes
1034 2563 1114 2627 adiit
1133 2562 1187 2627 Et.
1213 2561 1256 2625 M.
1277 2559 1341 2642 Epa·

192 2665 334 2749 phroditi
366 2666 481 2748 ipsius,
512 2666 567 2731 sed
597 2664 763 2748 Stephani,
796 2671 828 2730 et
850 2685 873 2731 s.
897 2687 925 2730 v.
955 2660 1122 2749 Σαμάρεια
1151 2655 1339 2747 Epaphrodid

192 2766 276 2848 quod
298 2766 426 2832 exhibet
447 2767 625 2849 Stephanus
648 2766 861 2832 testimonium
891 2766 1068 2849 augendum
1092 2786 1161 2830 esse
1183 2757 1338 2850 Etymobgi

191 2869 304 2946 verbis,
330 2891 401 2933 curn
425 2868 599 2934 Meiuekius
621 2869 762 2944 coniecit,
793 2872 860 2932 tum
882 2887 941 2932 nos
961 2867 1046 2932 infra
1067 2865 1336 2931 demonstrabimus

192 2970 332 3052 Apparet
360 2971 472 3052 igitur,
506 2992 601 3053 quam
631 2977 664 3036 et
690 2971 867 3036 necessaria
893 2976 925 3034 et
956 2969 1119 3033 fructuosa
1146 2969 1289 3051 quaestio
1313 2962 1335 3024 de

191 3070 410 3154 Epaphrodito
431 3072 539 3138 futura
560 3074 611 3150 sit,
632 3075 748 3156 quippe
769 3073 892 3155 dequo
913 3091 1016 3153 pauca
1037 3069 1142 3134 adhuc
1165 3071 1303 3135 sciamus.

276 3205 522 3293 Σηλυμβρία.
624 3199 870 3294 Σηλυμβριανός
892 3196 1027 3291 [Ὦροςλ.
1067 3227 1130 3271 non
1152 3205 1257 3270 habeo
1276 3195 1332 3285 (111⁰d

191 3309 315 3374 addam.

277 3431 393 3511 Σῖρις
521 3423 675 3513 Ἀθηνᾶς.
720 3431 828 3512 [Σῖρις
858 3425 895 3492 δὲ
923 3421 1112 3508 ὠνόμασται
1138 3420 1214 3491 ἀπὸ
1236 3421 1331 3508 abac·

191 3527 355 3616 θυγατρὸς
370 3526 544 3615 Μόργητος
565 3534 622 3594 τοῦ
637 3525 786 3606 Σικελίας
801 3525 972 3613 βασιλέως,
994 3525 1145 3612 γυναικός
1161 3528 1199 3594 δὲ
1217 3523 1329 3592 Editor.

190 3627 213 3718 ἢ
236 3627 305 3695 α’ντὸ
328 3627 458 3715 Σίριδος
478 3635 556 3713 μιᾶς
584 3635 649 3695 τῶν
670 3630 851 3717 Νηρηΐδων.
895 3623 916 3717 ἢ
943 3623 1015 3694 ἀπὸ
1041 3633 1099 3694 τοῦ
1122 3627 1329 3716 παραρρέοντος

191 3727 273 3820 αὐτῇ
294 3737 471 3817 ποταμοῦ]

277 3848 541 3937 Σκάμανδρος
640 3847 852 3934 Σκαμάνδρου
878 3847 963 3934 [υἱοῦ
989 3845 1131 3934 Τεύκρου
1152 3839 1190 3928 ὃς
1211 3841 1249 3936 ἦν
1267 3839 1326 3926 Κρὴς

260 4079 295 4152 ξῑ)
313 4080 401 4136 Valde
426 4079 507 4132 etiam
535 4078 680 4133 verisimile
698 4083 740 4132 est
758 4078 858 4131 collato
877 4078 997 4131 Cramer-i
1015 4094 1058 4130 an.
1078 4075 1108 4130 0.
1127 4076 1147 4129 I.
1174 4075 1249 4160 927⁸
1280 4069 1323 4136 Ept·

192 4168 317 4239 phroditi
334 4185 435 4223 nornen
453 4166 585 4234 Staphani
603 4182 624 4220 a.
642 4183 667 4219 v.
681 4162 814 4224 Ἀλίζωνες
833 4165 975 4219 excidisse.
993 4163 1028 4218 of.
1050 4164 1205 4219 huentzner
1222 4182 1247 4232 p.
1264 4163 1295 4213 34.
