2748 4714
746 223 790 289 54
834 261 836 268 ,

271 409 347 487 Sed,
376 408 564 491 quaesiverit
585 409 672 491 quis,
703 407 780 491 quid
802 407 880 472 haec
906 405 957 471 ad
970 405 1131 490 Apollonii
1153 425 1205 470 res
1226 404 1365 472 Caritas

186 510 368 594 pertinent?
401 510 587 595 Respondes
608 509 694 577 haec.
732 507 864 574 Galatas
880 509 911 572 in
927 506 1165 573 decursionibus
1180 508 1247 572 suis
1261 509 1365 572 etiam

187 611 303 676 Currum
331 610 473 694 tetigisse
500 611 596 688 fines,
627 611 674 676 ite
701 617 737 676 ut
757 609 989 674 Themisonion
1020 627 1120 689 usqne
1141 615 1365 691 penetrarent,

186 711 361 778 Pausanias
389 712 480 778 nobis
507 713 596 778 testis
628 718 676 775 est
702 711 733 774 in
757 709 797 788 Χ,
820 709 870 786 32,
893 710 922 772 4.
966 708 1002 774 ln
1032 707 1144 773 Cariae
1174 710 1366 791 provinciae

186 814 283 895 igitur
304 810 399 877 rebus
425 811 600 892 tractandis
621 810 808 895 Apollonius
829 808 994 876 Gallorum
1022 811 1282 876 commemoravit
1311 813 1367 876 in-

187 914 362 980 cursionem
390 921 486 995 atque
515 910 666 978 debello
694 912 853 994 exposuit,
889 910 977 992 quod
1003 909 1132 974 barbari
1161 933 1233 976 eum
1258 913 1366 995 ipsius

186 1015 325 1094 domiuo,
347 1015 367 1079 i.
383 1035 408 1079 e.
426 1013 616 1091 Ptolemaeo,
639 1013 801 1096 gesserint
823 1012 962 1090 ‚Cariam
985 1018 1090 1075 autem
1114 1031 1153 1076 ea
1166 1019 1368 1095 tempestate

186 1117 359 1182 Ptolemaei
391 1115 489 1180 fuisse
521 1115 627 1180 evadit
656 1137 696 1180 ex
725 1113 883 1179 Theocriti
918 1112 961 1176 id.
987 1111 1023 1175 17
1059 1135 1086 1175 v.
1111 1112 1169 1176 89:
1206 1110 1368 1194 σαμαίνει

187 1213 331 1294 Λυκίοις
352 1240 389 1282 re
410 1212 689 1301 φιλοπτολέμοισί
710 1239 746 1282 τε
769 1211 880 1299 Καρσί
907 1215 994 1280 intra
1013 1235 1132 1279 aunum
1154 1213 1218 1278 270
1240 1222 1277 1279 et
1298 1218 1367 1281 260

187 1319 378 1402 conditor).
716 1345 719 1353 ,

273 1419 340 1482 Iam
363 1437 445 1482 novo
469 1417 612 1501 exemplo
635 1415 884 1490 demonstratum
913 1421 961 1481 est
982 1437 1106 1501 semper
1127 1417 1186 1481 sibi
1210 1423 1367 1483 constare

188 1519 406 1602 Apollonium,
436 1519 553 1602 quippe
583 1519 637 1600 qui
661 1517 747 1586 rem,
764 1518 853 1583 nobis
882 1517 1058 1601 prodiderit
1079 1519 1155 1582 satis
1178 1517 1366 1599 obscuram,

189 1621 325 1686 nominis
347 1620 571 1686 derivationem
595 1619 686 1685 valde
707 1619 827 1683 miram.
958 1629 961 1634 “

717 1786 831 1852 xvm.

659 1906 711 1971 ee.
743 1905 799 1989 [u.
825 1905 887 1988 ιι]

276 2021 394 2091 Χωλόκ
415 2026 537 2104 τεῖχος,
565 2018 664 2100 πόλις
686 2019 827 2108 Καρίας,
857 2017 902 2099 ὥς
920 2016 1142 2104 Ἀπολλώνιος
1164 2021 1368 2095 intercede·

191 2122 281 2211 κότῳ
306 2128 468 2209 Καρικῶν.
510 2121 549 2188 τὸ
571 2121 705 2191 terram
727 2121 975 2210 Χωλοτειχίτης.

137 2257 140 2264 ·
161 2318 164 2322 Ι
277 2228 324 2293 De
345 2249 409 2311 quo
431 2226 547 2311 oppido
570 2228 659 2292 nulla
680 2229 722 2292 ad
743 2248 802 2292 nos
823 2228 967 2310 pervenit
988 2229 1110 2293 notitia.

206 2743 208 2748 .
278 2687 540 2771 Fragmentomm
554 2688 744 2753 absolvimus
758 2688 1060 2770 interpretationem,
1082 2709 1173 2768 nova,
1193 2691 1368 2775 dequibus

195 2810 259 2853 non
290 2796 395 2873 potest
425 2789 581 2867 dubitari,
612 2791 831 2872 congessimus.
874 2787 977 2854 Multa
1003 2790 1035 2854 in
1058 2789 1220 2873 Stephano
1241 2803 1368 2860 restant

195 2891 325 2954 uomina
346 2891 527 2976 turcae),
559 2912 641 2974 qnae
670 2891 803 2956 fortasse
823 2890 864 2954 ad
888 2889 1091 2973 Apollonium
1113 2892 1257 2968 redeunt.
1306 2898 1367 2964 Sed

194 3013 233 3055 ex
255 2992 443 3074 oppidorum
464 2995 593 3060 illorum
614 2994 709 3058 nudis
729 2990 910 3056 nominibus
925 2989 1104 3058 adferendis
1119 2977 1171 3057 rin
1187 2996 1366 3080 quidquam

141 3080 145 3086 ’
193 3092 386 3158 redundaret
412 3094 453 3157 ad
475 3095 677 3176 Apollonium
710 3092 821 3159 melius
851 3094 1119 3173 cognoscendum
1153 3115 1236 3177 quas
1258 3102 1368 3164 omnia

192 3193 278 3278 inira
306 3192 486 3289 Alexandro
513 3195 706 3280 Polyhistori
732 3192 925 3284 adscribam,
958 3211 1052 3274 quem
1079 3194 1242 3278 Stephano
1265 3199 1368 3283 Apol-

195 3293 272 3358 lonii
296 3295 475 3362 testimonia
495 3295 716 3379 suppeditasse
738 3293 841 3359 credo.
1364 3373 1368 3380 ,

279 3394 345 3459 Iam
372 3417 470 3478 supra
498 3417 577 3461 cum·
590 3397 657 3461 veri
684 3395 784 3460 simile
812 3414 880 3459 esse
907 3394 1138 3477 putaverimus,
1170 3397 1365 3482 Lagidarum

193 3502 298 3561 aetate
320 3495 574 3580 Letopolitannm
604 3495 696 3562 Isidis
725 3495 920 3561 sacerdotem
949 3495 1064 3572 fuisse,
1097 3517 1179 3562 nova
1205 3520 1294 3566 nunc
1328 3504 1367 3568 de

195 3604 337 3681 tempore
368 3598 433 3663 cius
462 3599 663 3664 ratiocinatio
689 3597 820 3663 accedit
863 3596 1113 3662 Pentateuchum
1142 3601 1225 3667 enim
1249 3605 1278 3668 si
1300 3626 1365 3669 non

262 3819 293 3883 ⁹¹)
314 3819 496 3874 Wilamowitz
514 3821 532 3874 l.
551 3820 569 3873 l.
587 3838 614 3889 p.
631 3822 684 3876 220
702 3837 726 3873 a.
744 3823 787 3874 41.

262 3906 296 3974 ⁹⁸)
312 3905 411 3960 Paucis
434 3907 573 3961 absolvam
599 3924 670 3977 quae
692 3908 824 3976 leguntur
847 3924 868 3961 s.
885 3924 911 3961 v.
934 3903 1065 3977 Καρικόν,
1088 3905 1175 3966 τόπος
1198 3907 1311 3972 ideoideo
1337 3914 1366 3966 ἐκ

195 3991 338 4062 Μέμφιδι,
362 3992 433 4044 ἔνθα
451 3997 540 4062 Κᾶρες
563 3990 720 4053 οἰκήσαντες
742 3994 893 4063 ἐπιγαμίας
916 3991 986 4064 πρὸς
1003 3997 1165 4063 Μεμφίτας.
1179 3995 1366 4069 ποιησάμενοι

193 4081 409 4150 Καρομεμφῖται
438 4077 602 4145 ἐκλήθησαν.
655 4082 847 4136 Narrationenr
879 4081 991 4136 fluxisse
1019 4098 1055 4135 ex
1081 4082 1259 4151 Aristagorae
1281 4087 1364 4141 rebus

194 4164 339 4234 Aegyptiis
357 4168 523 4234 perspicitur
540 4185 555 4221 e
573 4168 706 4236 Stephani
722 4183 789 4222 voca
806 4157 960 4232 litterario
978 4169 1024 4220 nal
1042 4165 1171 4237 Καρικόν.
