2748 4714
581 223 617 288 31

106 406 249 490 Legimus
270 409 353 475 onim
368 408 522 492 Stephani
538 429 561 474 s.
576 431 605 473 v.
628 404 773 494 Δελφοί·
796 405 984 495 ἐκλήθησαν
999 406 1036 474 δὲ
1050 407 1190 496 Δελφοί,

34 503 78 572 λ’τι
95 502 262 574 Ἀπόλλων
283 509 481 576 ουνέπλευοε
507 509 635 595 δελφῖνι
663 503 847 590 εἰκασθείς,
879 533 960 594 quae
991 512 1086 576 verba
1113 535 1188 578 sane

33 612 60 674 in
89 611 208 678 brevius
245 619 410 680 contracta
443 619 610 696 expectare
644 633 701 678 uos
731 619 849 696 cogunt
876 616 1018 691 narrari,
1053 635 1187 696 quocum
1261 619 1262 623 ’

33 712 135 794 Apollo
156 736 221 780 una
242 715 351 781 fecerit
365 699 607 797 navigationem.
638 714 744 779 Verba
757 721 873 792 autem,
897 736 979 797 quae
992 715 1186 794 exciderunt,

32 835 91 878 oum
119 818 242 882 restitui
272 818 400 882 omnino
429 837 494 883 non
523 817 657 898 possint,
690 816 723 880 id
753 823 877 882 tantum
908 816 1027 895 dicam,
1059 818 1187 901 plenam

30 923 94 980 ants
113 917 305 1000 Stephanum
329 917 476 984 Orionem
498 917 677 984 exhibuisse
699 918 977 1002 narrationem49).

105 1035 149 1100 De
178 1036 310 1121 Caystro
339 1038 450 1103 deinde
477 1035 574 1102 fluvio
601 1057 682 1119 quae
711 1037 842 1120 praebet
873 1037 1054 1121 Stephanus
1084 1057 1187 1120 pauca

30 1143 101 1215 sunt,
123 1138 223 1202 multo
246 1139 373 1204 uberius
394 1146 443 1203 est
465 1139 500 1204 E.
524 1139 566 1204 M.
588 1139 661 1218 493,
683 1139 740 1204 4οε

103 1235 328 1322 Κάϋστρος,
357 1238 509 1321 ποταμὸς
529 1235 662 1317 Λυδίας
689 1233 760 1305 άπὸ
784 1232 969 1325 Καΰστρου.
1011 1240 1185 1328 Κάϋστρος

29 1338 60 1402 δέ
83 1337 169 1405 ἐστιν
197 1336 268 1419 υἱὸς
287 1337 539 1420 Heracleotae,
573 1344 634 1428 τῆς
654 1333 847 1422 Ἀμαζόνος,
881 1333 918 1420 ὃς
945 1337 978 1408 ἐν
1002 1340 1185 1410 Ἀσκάλωνι

28 1429 113 1526 λ’γήμο
132 1439 192 1527 τήν
216 1441 366 1526 Δερκετὼ
388 1443 443 1510 καὶ
465 1439 501 1525 ἐξ
520 1435 623 1529 αὐτῆς
644 1439 717 1525 ἔσχε
739 1441 797 1530 τήν
818 1440 1019 1530 Σεμίραμιν,
1035 1441 1107 1534 ήτις
1127 1445 1184 1512 καὶ

27 1537 62 1604 τά
81 1541 275 1626 Βαβυλώνια
295 1542 383 1632 τείχη
405 1542 647 1613 κατεσκεύασεν.

100 1663 219 1729 Eadem
247 1667 449 1731 inveniuntur
477 1669 510 1730 in
537 1667 666 1750 epimer.
690 1665 726 1730 ll.
749 1669 788 1743 B,
811 1665 872 1728 461
901 1665 1056 1748 [Gramen
1090 1669 1124 1730 A.
1148 1667 1184 1736 O.

30 1763 51 1838 1,
71 1763 147 1849 235]
171 1769 396 1850 ρυυοο.,ολίυιο
425 1768 522 1832 habet
542 1768 687 1833 Eusteth.
709 1767 781 1846 253,
807 1765 865 1846 25,
896 1789 978 1850 quae
1009 1770 1114 1834 omnia
1135 1773 1184 1835 vi-

27 1861 130 1930 dentur
143 1866 311 1952 desumpta
326 1889 392 1934 esse
414 1892 453 1935 ex
475 1870 596 1935 scholio
617 1869 754 1951 quodem
775 1870 942 1948 homerico,
966 1872 999 1934 in
1022 1872 1184 1937 codicibus

27 1985 99 2030 nuno
126 1969 298 2052 deperdito.
342 1971 390 2036 Cf.
415 1969 505 2036 Diod.
529 1971 570 2050 ll,
600 1972 630 2049 4,
661 1973 681 2036 2
704 1977 737 2035 et
758 1971 787 2036 3.
834 1970 917 2036 Serv.
942 1973 1017 2037 Aen.
1043 1976 1091 2051 11,
1112 1974 1184 2039 661.

26 2063 135 2134 Eadem
165 2069 301 2137 fortasse
329 2093 380 2137 res
407 2080 455 2138 est
483 2074 517 2137 in
546 2094 622 2138 voce
643 2067 836 2157 Σαγγάριος,
869 2073 922 2137 ubi
953 2094 1056 2156 pauca
1088 2081 1184 2158 atque

24 2173 221 2246 grammatica
248 2180 373 2240 tantum
402 2175 550 2257 leguntur
578 2175 663 2258 apud
691 2174 985 2257 ethnicographum.
1029 2175 1182 2258 Equidem

22 2271 95 2334 enim
118 2274 172 2338 vix
193 2276 379 2341 crediderim
405 2277 596 2358 acquievisse
618 2275 813 2359 Stephanum
842 2275 892 2340 his
922 2278 956 2340 in
987 2277 1096 2356 rebus,
1128 2279 1184 2344 sed

22 2374 118 2452 potius
155 2396 193 2441 eo
228 2380 417 2460 processisse
452 2398 523 2443 eum
557 2379 717 2456 existimo,
759 2384 796 2442 ut
838 2378 945 2442 eodem
988 2387 1083 2461 pacto
1120 2403 1182 2464 quo

24 2473 199 2542 scholiastes
227 2480 268 2544 ad
296 2481 356 2563 Ap.
378 2479 439 2544 Ith.
462 2483 502 2556 B,
526 2481 606 2558 922,
641 2500 732 2561 quem
768 2481 935 2563 exscripsit
967 2480 1182 2566 Etymologus,

24 2571 221 2662 Hermogenis
236 2583 335 2646 utitur
355 2583 544 2660 testimonio,
568 2583 701 2649 eundem
722 2580 850 2646 afferret
870 2583 1066 2665 scriptorem,
1089 2604 1181 2665 quem

24 2685 270 2747 commemoravit
291 2705 314 2749 s.
338 2708 366 2749 v.
383 2681 522 2765 Ἀζανοί.

100 2784 331 2852 Animadvertit
351 2787 415 2851 iam
432 2787 606 2852 Meinekius
629 2806 654 2850 s.
675 2807 703 2849 v.
723 2779 891 2866 Σαμάρεια
912 2785 1065 2871 Stephani
1087 2790 1183 2854 verba

23 2935 242 2952 *n———n

80 3047 114 3118 4“)
133 3049 244 3104 Orionis
257 3051 349 3116 verba,
368 3067 437 3119 quae
450 3053 595 3119 exscripsit
607 3051 639 3104 Ε.
651 3051 687 3104 Μ.
701 3055 779 3105 sunt:
810 3051 966 3120 Δελφίνιος,
984 3047 1026 3103 ὅτι
1037 3056 1182 3122 Κασταλίῳ

21 3135 53 3197 τῷ
66 3137 153 3206 Κρητί
176 3133 308 3190 ἀποικίαν
332 3141 500 3208 στελλομένῳ
519 3135 534 3188 ὁ
550 3135 686 3190 Ἀπόλλων
710 3135 858 3208 ὄμοιωάεὶς
876 3138 985 3208 δελφῖνι
1004 3137 1181 3208 προηγήσατο

19 3221 61 3283 τῆς
79 3215 145 3282 νεὼς
163 3222 212 3282 ἕως
228 3228 278 3276 τοῦ
295 3229 430 3297 Κρισαίου
447 3221 552 3277 κόλπου
575 3225 621 3275 καί
646 3223 702 3276 ἐκεῖ
724 3222 887 3290 κατοικήσας
909 3221 925 3276 ὁ
944 3228 1102 3278 Κασταλίου
1125 3225 1183 3286 υίὸς

21 3307 116 3377 Mltos·
145 3311 237 3380 [codd.
261 3309 277 3364 ὁ
300 3309 458 3373 Καοτάλιος
479 3301 513 3365 οὗ
534 3308 550 3362 ὁ
574 3308 633 3369 υἱὸς
655 3311 701 3382 Δ.]
729 3309 895 3382 ἐπεκράτησε
921 3317 976 3364 τῶν
1005 3311 1105 3367 τόπων.
1135 3320 1181 3367 καὶ

20 3387 149 3448 άπάάτοῠ
164 3396 291 3469 Δελφοὺς
308 3398 417 3454 ἐκάλεσε
435 3401 478 3468 [Ε.
497 3401 534 3455 M.
553 3397 677 3470 ἐκάλουν]
699 3397 763 3457 τοὺς
780 3399 951 3457 ἐνοικοῦντας
967 3402 1014 3450 καὶ
1031 3403 1182 3469 Δελφινίου

16 3473 176 3543 Ἀπόλλωνος
187 3485 262 3554 ἱερὸν
274 3485 442 3559 ἐνιδρύσατο.
465 3488 536 3546 τινὲς
548 3487 582 3540 ds
592 3502 686 3557 φασιν,
704 3483 747 3537 ὅτι
764 3482 779 3538 ὁ
799 3485 897 3556 δελφὶν
915 3489 953 3544 εἰς
963 3483 1014 3552 τήν
1029 3491 1098 3538 ναῦν
1114 3482 1182 3553 dide

20 3569 60 3616 καί
81 3569 151 3623 κατὰ
169 3577 267 3624 τοῦτον
287 3572 336 3626 τὸν
352 3572 440 3626 τόπον
457 3570 595 3641 ίπήάησεν
613 3577 651 3632 εἰς
667 3571 717 3640 τήν
734 3569 888 3626 θάλασσαν.
923 3573 1081 3643 Etymologi
1098 3576 1182 3628 verba

19 3661 198 3726 corruptelam
216 3661 332 3716 fortasse
343 3667 464 3716 traxere:
483 3663 554 3717 duae
566 3663 638 3716 enim
649 3662 821 3715 narrationes
832 3661 961 3716 videntur
973 3677 1031 3715 esse
1043 3662 1181 3729 confusae,

19 3741 107 3811 altera,
121 3763 176 3815 que
190 3766 206 3801 a
219 3748 330 3802 Castalii
342 3749 399 3803 filio
412 3749 510 3819 Delphi
523 3766 623 3804 nomen
635 3752 808 3817 acceperunt,
827 3748 921 3816 altera,
940 3763 1010 3816 quae
1021 3765 1038 3802 a
1050 3748 1181 3816 delphino

18 3829 72 3898 ipso
88 3851 187 3887 navem
206 3843 351 3904 prosecuto
369 3837 500 3906 oppidum
519 3837 686 3906 appellatum
703 3852 763 3890 essa
780 3835 958 3889 memorabat
968 3833 1122 3904 Stephanus
1140 3837 1181 3891 ita

18 3931 69 3970 rem
86 3922 197 3975 videtur
213 3939 346 3990 ramesse,
371 3929 402 3977 ut
422 3925 582 3992 delphinum
607 3925 635 3975 in
654 3939 723 3976 neve
740 3923 800 3992 ipsa
816 3923 871 3976 iter
888 3919 1038 3977 coniecisse
1055 3922 1181 3978 referret.

19 4001 121 4061 Orionis
140 4015 233 4064 autern
250 4012 325 4065 vocis
342 4013 488 4081 originatio
500 4012 596 4065 deberi
607 4011 675 4063 mihi
686 4010 796 4064 videtur
805 4009 944 4064 Heraclidi
955 4010 1059 4074 maiori,
1078 4011 1113 4064 de
1126 4028 1180 4081 quo

19 4093 140 4148 conferes
162 4096 267 4152 Kleist:
297 4097 337 4152 De
359 4099 502 4152 Philoxeni
526 4100 699 4167 grammatici
726 4097 825 4152 studiis
850 4102 932 4166 etym.
952 4115 979 4164 p.
998 4099 1042 4150 22.
1076 4098 1180 4153 Eadem

18 4175 70 4233 lere
88 4185 205 4252 praebet
221 4185 270 4239 Tr.
290 4187 325 4240 ad
344 4186 410 4256 hyc.
430 4189 489 4255 208,
511 4186 620 4242 diversa
635 4201 701 4240 vero
719 4185 802 4240 schol.
822 4187 895 4240 Aen:
914 4188 939 4252 3,
958 4187 1008 4242 821
1027 4186 1062 4240 de
1078 4185 1181 4242 Icadio.
