2748 4714
561 239 603 303 29

30 424 184 506 runcinus·
206 419 260 487 καὶ
278 416 574 506 Ἀναργοροίνσιος,
599 413 646 502 ὡς
670 417 936 504 Τραπεζοόντιος.
979 421 1107 506 λέγεται
1128 421 1164 488 de

29 520 70 586 καί
83 515 324 608 Ἆνσρμιρόσιος.
369 521 518 611 ἐζήτηται
540 521 576 589 δὲ
604 527 677 600 πῶς
704 519 768 604 ἔχει
797 520 835 588 τὸ
861 535 889 587 ᾶ.
932 519 999 592 ἔδει
1028 521 1088 609 γὰρ
1119 521 1164 602 ὡς

27 621 209 706 Ῥαμνούσιος.
252 617 321 692 ἀλλ’
345 623 431 693 ἔοικε
458 623 496 690 τὸ
517 635 537 710 ρ
558 618 664 690 α’ίτιον
690 617 774 690 εἶναι
795 624 953 711 φιληόοῦν
974 631 1013 713 τῇ
1036 624 1164 704 συνάξει

26 731 68 790 τοῦ
86 735 112 793 c.
139 723 180 805 τίς
199 725 238 793 τὸ
263 728 383 805 Φλιοῦς
407 723 580 805 Φλιάσιος·
601 723 641 792 τό
666 725 701 792 ἐκ
722 724 830 792 τόπου
849 719 1163 812 ’Λναργυρουντόθεν

26 827 67 892 καί
78 821 357 914 Ἀναργοροόνταόε
377 823 426 907 είς
446 824 562 894 τόπον.

86 942 346 1032 Ἀνεμοόριον,
383 943 482 1024 πόλις
522 943 683 1024 Κιλικίας.
738 947 845 1012 κεῖται
882 946 918 1013 δὲ
953 941 1004 1034 ἐφ’
1033 943 1164 1035 ὑψηλοῦ

24 1045 114 1114 τόσου.
155 1048 244 1135 παρὰ
268 1047 326 1116 τὸν
356 1043 474 1132 όνεμον
499 1045 554 1114 καί
581 1045 619 1113 τό
646 1043 735 1131 ὅριον
757 1043 844 1127 εἰκός
865 1049 1032 1133 λέγεσθαι.
1073 1043 1163 1118 ‘Are-

22 1150 144 1234 μουριιύς
162 1150 217 1217 καί
233 1146 451 1235 Ἀνεμοόριος.
495 1151 541 1216 Of.
563 1150 710 1216 Eusteth.
733 1151 774 1215 ed
796 1151 832 1216 lt
854 1150 926 1230 274,
949 1152 999 1216 45.

83 1264 234 1356 Ἀριτυίν
261 1293 326 1337 non
356 1278 404 1336 est
432 1271 465 1334 in
494 1271 674 1354 Stephano,
709 1270 797 1334 cuius
833 1271 920 1336 circe
945 1271 1029 1336 hunc
1058 1271 1162 1336 locum

22 1373 96 1439 verbu
114 1374 196 1440 haud
217 1376 262 1439 ite
284 1375 384 1456 spisse
407 1378 489 1437 suut.
534 1374 576 1436 At
596 1373 711 1455 legitur
734 1391 796 1435 vox
817 1373 850 1436 in
873 1373 922 1436 ut.
950 1373 1019 1451 138,
1042 1375 1097 1438 22:

81 1465 249 1559 Ἀρετόν·
285 1471 438 1556 ποταμός
465 1479 523 1560 τῆς
553 1467 782 1559 Κροτωνιόδος
811 1469 926 1558 χώρας.
979 1473 1070 1559 παρὰ
1104 1499 1162 1561 την

18 1567 128 1660 Ἀρήιον
147 1575 207 1665 τήν
228 1580 364 1661 γυναῖκα
387 1570 556 1640 Ἀλκινόου
578 1563 615 1661 ἧς
637 1578 783 1660 περιρρεῖ
803 1573 842 1639 τὸ
864 1579 990 1661 μνῆμα,
1014 1571 1059 1653 ὥς
1080 1599 1162 1661 μαρ-

17 1680 87 1760 τυρεῖ
106 1676 402 1766 Φιλοστέφανοςῑί)
424 1675 480 1741 καὶ
505 1675 618 1742 Κλέων
640 1673 674 1741 ἐν
693 1681 739 1762 τῷ
761 1673 984 1760 Περίπλωίῡ).

83 1779 142 1844 iem
164 1802 264 1865 supra
285 1803 310 1847 s.
333 1804 360 1845 v.
382 1775 528 1866 Σφήκεια
550 1779 680 1861 exposui
708 1779 783 1861 quid
806 1777 846 1844 de
868 1777 1108 1861 Philostephani
1130 1783 1162 1844 et

16 1876 117 1946 Cleonis
137 1884 170 1948 in
194 1883 230 1948 Ε.
253 1882 296 1948 Μ.
320 1882 507 1949 testimoniis
529 1879 733 1946 iudicandum
756 1882 860 1966 sit⁴⁶).

80 2000 161 2067 Idem
186 2001 300 2068 deinde
322 2005 542 2086 argumentum
564 2000 649 2064 velet
676 1998 709 2062 in
739 2021 815 2064 voce
832 1991 1047 2083 Ἀρκέσιον·
1078 1995 1162 2064 οὕτω

12 2099 191 2185 καλούμενον
223 2097 339 2187 όντρον
368 2105 426 2188 τῆς
448 2103 613 2187 Κρητικῆς
637 2091 728 2186 ’Ίόης
755 2097 845 2186 παρὰ
874 2100 912 2166 τὸ
937 2095 1088 2184 οἷρκὲσαι,
1121 2098 1159 2166 τὸ

12 2205 166 2289 βοηθήσοι.
213 2201 315 2291 φασὶν
344 2195 426 2268 αὐτὸ
455 2198 523 2267 ὑπὸ
546 2197 723 2288 Κουρήτων
750 2194 995 2288 ὀνομασθῆναι,
1025 2197 1076 2267 ὅτι
1103 2200 1160 2267 τὸν

11 2300 111 2384 Κρόνον
137 2301 250 2384 αὐτοῖς
280 2302 435 2392 φεύγουσι
464 2300 521 2367 καί
549 2297 597 2379 είς
627 2295 706 2366 ου’τὸ
733 2302 922 2369 καταόυεῖσι
944 2300 999 2367 καὶ
1020 2325 1160 2387 κρυπτο-

11 2405 99 2484 μένους
126 2405 313 2496 ἒπήρκεσεν.
357 2401 442 2471 οίίτω
468 2399 592 2476 Ξενίων
621 2399 655 2470 ἐν
681 2407 752 2482 τοῖς
778 2402 856 2489 περὶ
885 2402 1024 2492 Κρήτης.
1069 2407 1159 2471 etin

11 2525 67 2572 unce
87 2508 214 2592 Βεβαία
234 2509 443 2575 restituenda:

76 2607 244 2694 Βεβαία,
277 2609 365 2699 πηγή
393 2605 482 2676 οότω
513 2605 692 2694 καλουμένη
726 2606 759 2671 ἐν
787 2603 922 2696 Εὐβοίᾳ.
971 2607 1160 2694 ἐτυμολογεῖ

11 2705 34 2770 λε’
54 2715 199 2797 Τεῦκρος,
226 2709 288 2792 ότι,
318 2708 409 2800 φησί,
431 2714 497 2777 τῶν
519 2707 553 2775 ἐν
574 2713 614 2796 τῇ
636 2704 725 2795 νήσῳ
746 2709 832 2776 ποτέ
854 2704 981 2775 ὑδάτων
1004 2708 1159 2776 ἐκλιπόν-

11 2831 57 2873 των
88 2812 142 2879 καί
179 2819 342 2897 ποταμῶν
377 2811 433 2878 καί
475 2815 589 2898 πηγῶν
624 2807 707 2896 μόνη
740 2807 821 2897 αὕτη
858 2807 982 2894 ὁμοίως
1019 2811 1159 2895 διέμεινε

11 2909 179 3001 σολίυόρος.
223 2915 323 3003 Παρὰ
343 2913 381 2982 τὸ
403 2913 539 2998 βέβαιον
560 2901 618 2976 οὖν
639 2909 695 2976 καὶ
715 2905 890 2992 ἀνελλιπὲς
912 2910 1047 2996 Βεβαία.

73 3034 186 3102 Teucri
221 3036 306 3101 illius
343 3035 488 3120 Cyziceni
520 3033 711 3098 mentionem
743 3034 807 3097 iam
839 3054 863 3098 s.
891 3055 918 3097 v.
950 3031 1157 3122 Βουθρωιός,
1247 3103 1251 3110 ,

11 3151 68 3214 μου
88 3143 158 3204 tete
180 3160 222 3204 ex
244 3138 406 3223 Stephano
428 3137 595 3222 pendebat,
619 3136 757 3202 fecimus.
793 3134 862 3199 Non
884 3135 977 3201 aliter
992 3156 1024 3201 se
1039 3135 1158 3202 habere

11 3233 79 3302 utiam
102 3237 165 3305 hcc
188 3239 259 3306 lccc
281 3261 348 3306 rem
369 3242 434 3307 veri
456 3237 649 3304 simillimum
670 3242 728 3302 est.

70 3339 201 3407 Excidit
222 3339 352 3408 deinde:

69 3435 275 3528 Ελρέσιον,
299 3438 397 3520 πόλις
419 3437 596 3518 Βοιυπίας,
639 3435 692 3506 ὅτι
714 3439 944 3521 κατακλυσμοῦ
966 3464 1050 3506 ποτε
1071 3464 1156 3526 γενο-

11 3539 81 3606 νένου
102 3541 225 3631 συνέβη
248 3541 325 3629 περὶ
347 3540 511 3611 Βοιωτίαν
534 3539 662 3619 πολλὰς
683 3537 798 3623 λίμνας
812 3533 1026 3628 ἀναφανῆναι.
1050 3539 1081 3608 οἳ
1098 3535 1157 3610 οὖν

54 3771 88 3840 “)
105 3771 182 3839 Quid
201 3771 382 3826 commoverit
399 3771 551 3838 Lentzium,
575 3773 608 3825 ut
626 3769 735 3825 Herod:
752 3767 840 3838 preci.
857 3786 885 3837 p.
902 3767 1005 3823 CCXIV
1024 3771 1158 3826 Philoste-

11 3855 102 3912 inanum
123 3859 277 3912 mutaverit
293 3860 321 3910 in
334 3858 576 3928 Polystephanum
594 3875 657 3914 cum
674 3877 702 3928 p.
718 3859 751 3910 13
769 3861 874 3911 rectem
893 3855 1023 3911 exhibent
1040 3859 1156 3927 scriptu·

11 3961 42 3996 nn
61 3961 113 4000 nun
133 3946 277 4014 intellego.

52 4033 83 4102 ⁴⁶)
103 4033 202 4088 Verba
218 4032 265 4083 καὶ
282 4032 384 4084 Κλέων.
404 4072 411 4086 .
429 4069 436 4080 .
455 4071 461 4084 .
479 4031 575 4086 addidi
593 4039 633 4085 ex'
646 4030 716 4084 Mili.
734 4031 800 4085 Mel.
818 4047 845 4099 p.
863 4035 907 4084 41.

51 4119 83 4185 *θη
103 4121 256 4188 Ρεηνεηω
275 4117 422 4172 Mullorum
442 4117 487 4186 (ir.
507 4119 553 4185 lv,
572 4119 634 4184 365)
654 4118 802 4172 coniecisse
820 4119 865 4172 ad.
885 4117 968 4172 schol.
988 4118 1038 4186 Ap.
1051 4117 1105 4172 nh.
1120 4119 1155 4174 ΙΙ.

11 4205 34 4258 λλ
51 4205 81 4258 ἔν
98 4210 138 4276 τῷ
157 4207 223 4277 περὶ
241 4208 359 4278 λιμένων
378 4222 429 4275 pro
449 4205 479 4258 ἐν
495 4209 533 4274 τῷ
552 4206 677 4278 περίπλῳ
694 4206 724 4258 in
741 4209 836 4274 aperto
855 4221 915 4260 esse
932 4205 1023 4261 credo.
