2748 4714
578 222 619 287 21

33 405 207 472 adverbum
229 405 295 472 iera
316 426 388 472 oum
402 405 515 472 Uranii
537 385 717 473 testimonio
739 409 910 474 concinunt
928 409 1054 474 nomine
1076 415 1183 474 tamen

32 507 178 590 scriptoris
198 509 323 574 omisso.
365 507 477 591 Itaque
498 509 593 574 etiam
614 530 696 592 quae
717 509 910 575 antecedunt
935 511 1183 594 ethnieographo

31 609 205 676 vindicanda
225 631 293 676 essa
314 611 430 675 censui.
474 611 580 676 Verba
607 611 681 676 inda
711 632 732 676 a
753 606 892 696 ἔρριψαν
908 649 948 659 -
963 605 1122 697 Ἐρόθροο
1144 634 1184 678 ex

31 712 155 778 Haud.
176 712 231 792 (of.
254 710 353 776 Gaisf.
375 711 448 790 379,
471 712 506 793 8)
528 711 646 777 addidi.

107 825 308 916 Εὔρωπος,
332 825 434 908 πόλις
548 825 748 915 Εόρωπαῖος
771 825 832 914 [ὥς
851 823 988 917 ἤπειρος
1000 826 1182 919 ἤπειραῖος,

28 935 114 1016 νῆσος
132 935 288 1020 νησαίας]
331 931 467 998 Restitui
488 953 526 998 ex
549 931 728 1017 Etymologi
748 953 824 999 εσσε
844 925 1026 1018 Εόριυπεία.

100 1043 266 1138 Ἠλώνη,
297 1047 397 1128 πόλις
521 1044 674 1137 Ἠλώνην
695 1074 731 1116 τε
756 1047 824 1136 [ὅτι
845 1050 975 1117 ἐκεῖθεν
995 1047 1064 1118 όπὸ
1082 1045 1183 1136 Ἡρα·

27 1152 128 1232 κλέους
152 1147 302 1218 ἑάλωσαν
329 1146 362 1216 σί
387 1148 566 1235 Κένταυροι
597 1149 652 1217 καί
683 1147 750 1218 ὑπὸ
776 1156 836 1218 τοῦ
861 1150 966 1241 ἥρωος
991 1149 1131 1241 ἐκτίσθη
1160 1147 1179 1242 ἦ

28 1251 124 1333 πόλις.
165 1251 222 1320 καὶ
243 1248 345 1330 οὕτως
366 1245 553 1333 ὠνόμασται
580 1252 671 1338 παρὰ
695 1251 734 1319 τὸ
761 1252 795 1320 ἐν
816 1249 899 1342 αὕτη]
920 1249 1043 1320 ἆλῶναι
1065 1251 1183 1336 ου’τοός

22 1350 135 1443 Ἅλιόνη
155 1350 177 1444 ἢ
194 1349 350 1440 Ἡλιιίνη]
393 1353 432 1419 τὸ
454 1352 524 1420 ίθν.
545 1347 726 1434 Ἠλιοναῖος
748 1352 807 1441 [ὥς
830 1359 1033 1434 Μεθωναῖος
1055 1357 1107 1440 V].

100 1459 195 1524 Reate
223 1479 274 1523 me
302 1459 475 1524 restituisse
503 1458 638 1540 primum
666 1463 853 1542 argumento
876 1464 924 1525 est
945 1458 1072 1524 Homeri
1094 1458 1183 1524 loeus

23 1559 53 1623 in
81 1567 213 1644 utroque
244 1559 346 1625 lexico
376 1560 493 1626 allatus
515 1559 570 1642 [of.
595 1559 620 1623 V
652 1559 751 1625 Gaisf.
773 1561 845 1639 428,
876 1562 919 1626 22
940 1563 1039 1644 ann.],
1071 1559 1183 1626 deinde

24 1681 97 1742 quae
126 1663 187 1728 sub
218 1661 313 1726 finem
346 1668 421 1726 suni
451 1661 547 1727 verba
566 1655 749 1739 Ἠλιοναῖος
765 1700 806 1710 -
835 1668 903 1727 tum
931 1662 986 1728 vel·
1010 1663 1044 1726 in
1072 1662 1183 1745 primis
1234 1735 1241 1748 ‚

23 1763 192 1829 simillimus
223 1763 383 1829 Eustathii
413 1761 503 1829 loeus
531 1766 576 1846 (p.
600 1764 672 1841 333,
696 1764 769 1849 31),
801 1763 885 1830 unda
912 1764 975 1829 iam
1009 1763 1182 1829 Meinekius

23 1863 160 1930 uberiora
182 1865 257 1931 olim
280 1864 433 1948 Stephani
452 1863 548 1928 verba
569 1863 666 1929 fuisse
688 1865 831 1930 coniecit.
856 1868 858 1872 '

93 1976 248 2071 Ἰθάκη,
270 1987 367 2069 νῆσος
457 1977 589 2047 Ἰθάκου
612 1977 730 2068 (ἥρωος
743 1983 860 2067 Holst.)
883 1985 956 2066 [τοῦ
970 1980 1181 2070 Πτερελάου]

20 2084 160 2168 Supplevi
194 2107 234 2151 ex
263 2085 291 2149 V
322 2084 432 2168 (Gaisi.
454 2083 528 2161 470,
552 2085 571 2148 6
593 2086 683 2171 ann.)
716 2086 771 2167 qui
804 2091 942 2150 aeterum
975 2085 1084 2151 eadem
1117 2086 1183 2151 fere

20 2183 109 2252 habet
135 2193 234 2272 atqua
256 2185 443 2268 Stephanus.
489 2185 659 2251 Gaisfordii
686 2187 779 2253 lectio
802 2186 932 2270 vulgata
959 2185 1023 2252 alia
1043 2187 1181 2270 praebet.

91 2317 276 2403 Ἰκόνιον,
305 2319 404 2400 πόλις
426 2357 441 2372 -
487 2315 614 2406 Ταόρου
641 2316 793 2406 [γυναῖκά
819 2345 905 2407 φασι
932 2326 1095 2390 κατοικεῖν
1124 2319 1182 2388 τὸν

17 2415 115 2488 τόπον
144 2421 337 2510 παράνομον
368 2414 388 2512 ἢ
414 2420 493 2501 τούς
520 2420 787 2505 ἐπιξενουμένους
817 2421 941 2490 ἐκέλευε
967 2424 1182 2509 συγγενέσθαι

16 2519 89 2615 αὐτῇ
110 2525 167 2592 καί
188 2524 273 2610 ’μετὰ
294 2524 353 2614 τὴν
375 2520 547 2592 συνουσίαν
569 2519 692 2614 ἀνῄρει,
724 2524 778 2590 ἵνα
805 2522 849 2612 μὴ
872 2520 891 2612 ἡ
912 2521 1063 2610 ἀσέλγεια
1083 2522 1183 2614 αὐτῆς

17 2623 217 2718 ἐπιγνωσθῇ.
248 2628 378 2715 Περσέα
400 2626 436 2694 δὲ
451 2624 507 2693 τὸν
522 2623 655 2714 Δανάης
675 2624 735 2691 ἐπὶ
749 2623 828 2705 τούς
842 2624 968 2706 τόπους
981 2629 1037 2712 [of.
1052 2629 1183 2695 Cramer

17 2729 46 2791 A.
76 2732 112 2796 O.
142 2733 186 2810 11,
221 2733 299 2814 205]
329 2722 530 2813 ἀφικόμενον
566 2725 622 2793 καὶ
656 2727 819 2810 μέλλοντα
850 2726 892 2793 τὰ
926 2723 1010 2795 αὐτὰ
1041 2729 1182 2812 πάσχειν

17 2827 158 2913 Ιείξαντα
188 2831 310 2918 τὸτῆς
340 2835 481 2915 Γοργοῦς
509 2827 691 2913 πρόσωπον
719 2823 936 2896 άπολιθῶσαι
964 2827 1074 2918 αὐτήν.
1123 2829 1182 2920 τὴν

18 2931 45 2997 λε’
66 2929 177 3000 εἰκόνα
200 2930 260 2999 ἐπὶ
281 2929 388 2998 πολὺν
415 2927 529 3017 χρόνον
557 2932 721 3012 διαμεῖναι
742 2927 885 3016 λιθίνην.
931 2925 987 3017 ἀφ’
1011 2921 1052 3021 ἧς
1073 2929 1182 3013 αἰτίας

18 3032 61 3099 καί
87 3035 165 3115 τοὺς
193 3039 423 3111 κατοικοῦντας
448 3029 506 3120 τὴν
533 3031 632 3100 πόλιν
660 3029 764 3110 οὕτως
785 3026 982 3118 ιόνόμασαν]
1006 3072 1021 3084 -
1038 3073 1053 3086 -
1069 3072 1084 3084 -
1126 3033 1182 3100 καί

18 3129 72 3203 ides
94 3136 153 3204 διὰ
176 3134 363 3222 όιφθόγγου
394 3132 566 3221 [γράφεται
595 3134 631 3200 δὲ
654 3129 709 3199 διὰ
730 3137 788 3199 τοῦ
809 3140 836 3199 Ι.
880 3131 996 3221 ἐπειδή
1021 3130 1139 3222 εὑρέθη
1161 3133 1180 3222 ἡ

19 3231 146 3322 ίρχουσα
169 3239 278 3326 (codd.
300 3231 391 3326 άρχή.
413 3238 576 3303 emendari
598 3258 638 3302 ax
659 3237 762 3302 Gram.
788 3237 824 3301 Α.
846 3236 882 3302 0.
904 3237 943 3316 ΙΙ,
967 3260 998 3321 p.
1023 3238 1102 3322 206)
1126 3260 1181 3303 συ-

19 3340 209 3429 ιτελλομένη
232 3337 323 3426 παρὰ
345 3336 541 3424 Μενάνδρῳ]
563 3335 646 3424 φασὶ
667 3335 705 3402 δὲ
727 3375 742 3387 -
759 3375 773 3386 -

89 3442 243 3510 Narratio
265 3441 305 3507 da
327 3442 457 3507 muliere
479 3440 535 3506 illa
544 3441 587 3522 ⁸¹)
610 3445 643 3504 et
664 3439 778 3504 Perseo
808 3439 922 3504 eisdem
951 3438 1054 3506 verbis
1084 3441 1179 3506 etiam

20 3546 86 3628 opud
112 3544 368 3612 Choerobosoum
391 3535 479 3628 [ὀρθ.
501 3564 525 3608 s.
547 3564 576 3606 v.
600 3535 702 3605 εἰκών.
727 3540 855 3606 Cramer
878 3541 913 3605 Α.
936 3540 972 3606 0.
995 3541 1036 3619 ΙΙ,
1059 3564 1091 3625 p.
1106 3543 1180 3607 205.

20 3647 80 3733 λο6]
103 3647 236 3731 legitur,
266 3644 368 3710 altera
390 3643 430 3710 de
451 3643 567 3709 diluvia
589 3643 699 3708 eadem
721 3648 769 3708 est
789 3643 822 3708 in
844 3643 1005 3727 Stephano
1028 3649 1125 3727 atque
1146 3645 1178 3708 in

20 3747 39 3811 i.
65 3749 120 3828 Μ.,
143 3755 316 3830 utramque
336 3752 442 3812 autem
470 3747 531 3810 iam
553 3744 702 3810 Lentaius
723 3744 812 3828 (Her.
836 3744 876 3822 11,
901 3747 928 3823 1,
951 3767 981 3828 p.
1004 3745 1077 3811 498.
1098 3743 1178 3830 499)

21 3851 169 3917 oniunxit
204 3854 300 3931 atque
331 3847 511 3913 Herodiano
543 3846 663 3912 tribuis
720 3845 781 3911 Sed
814 3867 886 3911 eum
918 3845 1021 3912 altera
1050 3846 1177 3928 quidem

69 4097 103 4163 ¹¹)
123 4093 238 4150 Similia
266 4094 350 4150 eiiam
373 4093 410 4147 da
434 4090 527 4148 leonio
553 4091 620 4144 urbe
642 4090 774 4158 leguntur
797 4087 870 4157 apud
893 4088 1024 4142 Ioannem
1045 4085 1176 4143 Antiooh.

22 4197 32 4238 ·.
54 4186 78 4236 6.
98 4181 185 4236 Man.
204 4181 251 4248 IV,
269 4197 295 4249 p.
315 4183 375 4234 544.
