2748 4714
583 246 626 311 59

43 421 96 492 ίπό
117 428 205 513 [τῆς]
233 425 381 511 γυναικὸς
402 424 535 512 Σύρνον,
567 426 626 516 τὴν
652 427 689 496 δύ
717 424 828 511 ἑτέραν
848 421 918 493 ύπό
942 431 1003 494 τού
1025 425 1192 506 σώσαντος

41 523 125 593 αότόν
153 527 277 611 νομέως
308 528 496 613 [Βυβασσόν
528 530 689 614 calceat}
733 527 785 614 [τό
813 528 948 596 ἐθνικόν
970 525 1107 615 Σύρνιοι.
1152 525 1191 594 τὸ

41 626 169 715 atuor
190 627 350 715 Συρνιός.]
521 637 524 646 ’
1259 627 1263 636 ’

108 733 175 798 lam
204 734 307 816 primo
335 733 426 799 nobis
446 734 558 800 obtutu
587 735 683 800 verba
711 730 1058 820 111οφησίδὲούτως
1089 735 1192 818 suspi-

40 833 143 898 cionem
182 841 323 912 movent,
358 856 472 900 nomen
509 835 672 918 scriptoris
706 835 839 900 alieuius
875 836 1035 902 excidisse.
1092 837 1190 914 Quem

40 934 119 998 luisse
149 934 364 999 Alexandrum
397 935 477 1001 duae
509 937 706 1020 potissimum
737 942 812 1000 sunt
845 957 967 1002 causae
1020 937 1192 1004 Alexandri

41 1037 106 1100 enim
137 1037 328 1101 mentionem
356 1037 432 1102 facit
454 1037 635 1122 Stephanus
657 1059 680 1101 s.
704 1060 731 1102 v.
753 1033 973 1118 Μούμαστος,
996 1034 1041 1118 ιός
1062 1031 1192 1120 Βούβα-

42 1159 111 1214 οιος,
133 1134 236 1214 πόλις
251 1134 391 1221 Καρίας·
411 1133 513 1220 Ἀλεξ.
537 1137 676 1224 δευτέρῳ
693 1139 855 1222 Καρικῶν,
878 1142 964 1223 quod
986 1141 1101 1206 falsum
1125 1162 1192 1206 esse

40 1239 87 1302 iam
108 1241 272 1324 perspexit
293 1240 482 1319 Meiuekius‚
505 1241 560 1324 qui
581 1245 666 1306 recto
688 1241 866 1319 contendit,
897 1242 1062 1308 confusum
1083 1263 1150 1308 esse
1172 1264 1192 1306 a

41 1339 188 1422 Stephano
213 1331 420 1422 Μούμσοτος
448 1345 480 1406 et
501 1337 692 1422 Βούβαστος
714 1341 784 1406 sive‘
800 1338 981 1425 Βοβαοοός.
1024 1343 1192 1409 Permultis

40 1439 135 1506 deinde
174 1441 325 1525 exemplis
360 1443 468 1508 docuit
502 1443 614 1508 Niese
649 1443 685 1526 [1.
715 1443 736 1508 l.
765 1466 796 1526 p.
822 1441 971 1528 12-25J,
1008 1450 1088 1527 quot
1114 1442 1218 1508 locis.

40 1544 191 1608 nominum
212 1543 329 1609 formas
351 1544 468 1610 similes
489 1545 572 1611 inter
593 1565 626 1608 se
647 1545 817 1610 mutaverit
837 1544 1112 1628 ethnicographus
1146 1543 1192 1609 De

39 1643 160 1728 Bybassi
180 1644 316 1710 nominis
345 1652 451 1711 autem
473 1645 575 1711 forma
604 1666 717 1729 parum
741 1651 886 1711 constare
907 1644 998 1712 docet
1019 1645 1192 1712 Meinekius

40 1747 62 1808 in
78 1767 153 1830 ann.
177 1769 209 1830 p.
230 1747 302 1811 457.
484 1734 491 1742 ⁸

108 1849 254 1914 Alteram
275 1868 407 1913 causam
428 1848 611 1932 suppeditat
625 1851 715 1916 nobis
730 1852 832 1916 oratio
846 1850 985 1934 obliqua,
1007 1870 1072 1934 qua
1086 1848 1193 1914 multis

39 1947 100 2013 locis
128 1949 347 2014 Alexandrum
376 1955 471 2015 testes
499 1970 573 2015 suos
601 1951 762 2018 induxisse
792 1951 1067 2018 Fraudenthalium
1097 1972 1193 2033 expo·

39 2051 120 2116 uisse
144 2065 245 2133 supra
265 2050 408 2116 vidimus.
430 2073 460 2135 p.
476 2052 518 2116 55
533 2073 562 2116 a.
580 2052 631 2116 96.
665 2052 751 2118 Haeo
772 2054 942 2132 sufficiunt,
965 2052 1080 2135 quibus
1103 2053 1193 2118 testi-

38 2152 169 2216 moninm
200 2151 239 2216 de
266 2151 367 2236 Syrno
400 2153 518 2236 oppido
549 2155 735 2220 restituetur
756 2155 952 2231 Alexandro,
987 2153 1027 2219 de
1056 2172 1091 2218 ra
1122 2154 1193 2238 ipsa
1251 2225 1257 2236 ,

38 2258 130 2316 antam
154 2273 259 2334 pauoa
280 2253 374 2318 etiam
400 2253 547 2320 addenda
568 2262 651 2320 sunt.
695 2255 818 2320 Fabula
839 2256 921 2319 enim
943 2255 1045 2320 tribus
1066 2263 1194 2339 praeter

39 2370 66 2416 ea
83 2355 201 2418 nititur
222 2353 423 2433 testimoniis,
452 2355 663 2440 Theopompi,
691 2343 882 2434 Pausaniae,
910 2355 1048 2422 Tzetrae.
1092 2356 1195 2422 Theo-

38 2456 132 2539 pompi
167 2460 274 2518 autem
303 2454 361 2538 frg.
396 2456 454 2521 111
478 2455 511 2520 Μ
540 2457 600 2522 hoo
630 2464 692 2523 est:
726 2452 866 2540 περίτι
893 2457 960 2521 τόν
989 2451 1023 2522 ἐν
1052 2458 1113 2543 Κῷ
1139 2455 1195 2523 καί

41 2549 137 2640 Κνίδῳ
162 2549 300 2636 ἰατρόν,
331 2551 375 2634 ὥς
394 2549 638 2641 Ἀσκληπιάδαι
663 2555 718 2646 καί
747 2554 791 2635 ὥς
813 2555 848 2622 ἐκ
868 2553 989 2643 Σύρνον
1010 2553 1043 2623 oi
1065 2560 1195 2642 πρῶτοι

40 2649 187 2738 ίηίκοντο
217 2651 378 2740 όπόηονοι
407 2655 633 2742 Ποδαλειρίου.
683 2659 864 2724 Testimonii
895 2659 1033 2724 brevitas
1064 2660 1197 2751 impedit

40 2777 82 2821 nos
101 2759 276 2842 quominus
297 2759 393 2842 plura
413 2759 486 2824 inde
508 2759 704 2843 colligamus,
727 2760 782 2826 sed
797 2760 866 2825 fieri
880 2762 1028 2844 potuisse,
1045 2767 1082 2826 ut
1093 2761 1196 2826 Theo·

40 2877 163 2944 pompus
194 2859 235 2923 ab
265 2860 445 2925 Alexandro
469 2845 723 2938 'exscriberetun
757 2863 826 2926 iure
858 2860 1067 2926 contenderis.
1110 2861 1196 2927 Pau-

40 2961 129 3026 sanias
167 2959 350 3026 Alexandro
380 2982 414 3026 se
452 2983 543 3027 usum
580 2983 648 3028 esse
670 2963 806 3028 'videtur
840 2961 916 3027 mihi
953 2968 1110 3029 ostentare
1146 2964 1195 3029 his

41 3060 270 3146 lll,26,10]:
302 3058 520 3145 Ποδαλείριον
550 3064 600 3144 δέ,
632 3060 677 3142 ὠς
705 3057 819 3128 ὀπίσω
848 3058 1080 3150 πορθήσαντες
1092 3055 1196 3131 ’Ἰλιον

41 3157 217 3244 ἐκομίζοντο
247 3157 403 3247 ὁμαρτεῖν
430 3166 491 3228 τού
520 3165 610 3230 πλοῦ
637 3163 692 3231 καί
718 3162 753 3242 ἐς
779 3159 931 3247 Σύρνον
960 3167 1021 3252 τῆς
1051 3169 1197 3253 Καρικῆς

41 3255 169 3348 ίπείρσυ
206 3260 308 3350 φασίν
343 3258 617 3332 ἀποσωθέντα
654 3263 796 3354 οἰκῆσαι.
847 3264 1054 3350 Polyhistoris
1089 3274 1196 3334 autem

40 3367 110 3446 opud
125 3367 319 3432 Pausaniam
341 3367 473 3451 vestigia
493 3374 582 3433 certa
601 3370 735 3434 inveniri
756 3374 789 3434 et
803 3367 996 3434 Maassius
1018 3369 1073 3452 [de
1087 3369 1195 3458 Sibyll.

40 3463 88 3530 ind
109 3489 143 3550 p.
172 3468 306 3533 19-21.
340 3468 470 3534 Hermes
495 3470 544 3545 18,
567 3492 599 3554 p.
621 3470 699 3553 335]
720 3490 778 3534 sno
803 3468 872 3534 iure
894 3471 1056 3535 contendit
1077 3477 1109 3537 et
1129 3470 1196 3556 ipse

40 3583 123 3650 supra
146 3567 273 3650 aliquot
294 3568 445 3652 exemplis
466 3569 628 3635 illustrare
649 3576 782 3635 conatus
803 3591 890 3648 sum,
921 3573 1065 3654 quamvis
1086 3573 1197 3640 docto·

39 3687 96 3734 run
116 3671 262 3734 virorum
283 3689 359 3736 saue
380 3671 489 3736 multis
512 3670 710 3754 sacrilegium
741 3670 901 3755 quoddam
923 3672 1085 3740 videamur
1112 3696 1196 3741 oom-

40 3771 158 3837 uisisse.
210 3771 334 3837 Tertius
366 3772 489 3838 accedit
521 3773 610 3837 testis
641 3771 767 3838 Tzetzes
799 3773 842 3839 ad
874 3772 949 3857 Lyo.
976 3775 1067 3840 1047.
1103 3777 1195 3856 1048,

39 3874 116 3938 ouius
138 3873 267 3957 quidem
289 3893 373 3957 quae
394 3873 552 3939 antecedit
575 3873 717 3939 narratio
739 3873 778 3939 de
800 3873 931 3938 oraculo
944 3873 1105 3957 Podalirio
1120 3878 1196 3944 dato

39 3993 96 4039 cnm
124 3975 191 4040 huc
218 3995 281 4039 non
309 3973 423 4050 faciat,
455 3977 532 4039 satis
562 3973 664 4040 habeo
692 3975 772 4040 liaeo
799 3973 945 4041 attulisse
973 3979 1084 4042 verba:
1118 3973 1196 4046 όδὲ

40 4070 244 4158 Ποδαλείριος
265 4072 375 4140 ἐλθόν
395 4072 479 4141 κατὰ
498 4073 559 4158 μὲν
580 4071 637 4139 τὸν
651 4072 854 4160 Λυκόφρονα
876 4073 910 4141 όν
922 4068 1046 4164 Ἰταλίᾳ
1062 4079 1196 4167 τελευτᾷ

39 4168 143 4253 ἐκεῖσε,
165 4168 235 4240 κατ’
260 4173 318 4258 ἐμὲ
340 4173 377 4242 δὲ
398 4177 456 4263 την
472 4175 617 4262 Καρικὴν
635 4173 827 4263 χερρόνησον
848 4171 961 4263 ᾤκησε.
1002 4180 1196 4263 Apollodoro
