2748 4714
720 150 762 215 38

156 339 248 418 Quod
277 338 304 404 si
342 343 565 417 statueremus,
601 329 770 419 ἀρχιερέων
805 334 932 400 illorum
970 350 1084 414 magno
1119 328 1159 394 de
1195 347 1340 394 numero

159 441 347 525 Apollonius
369 440 465 506 fuisse
486 438 673 504 iudicandus
695 445 793 515 esset,
823 436 877 519 qui
905 431 1053 518 permulti
1074 451 1146 496 cnm
1171 431 1204 494 in
1226 428 1339 495 Grae-

157 543 224 610 ciae
252 548 321 608 tum
351 542 385 608 in
417 542 511 608 Asiae
537 539 672 606 minoris
705 537 808 603 titulis
849 522 1200 616 commemoranturfl).
1247 532 1339 596 Sunt

158 645 239 709 enim
269 643 302 709 hi
327 637 483 725 ἀρχιερεῖς
504 645 569 704 τῶν
591 641 829 724 Σεβαοταῖνῡθ),
852 631 1007 720 ἀρχιερεῖς
1022 628 1137 710 Ἀσίας
1157 637 1243 698 ναῶν
1263 635 1339 696 ταῖν

158 743 192 809 ἐν
214 742 391 828 Περγάμῳ,
422 736 579 825 ἀρχιερεῖς
605 746 664 829 τῆς
682 733 799 818 ’Λοῖας
828 741 893 804 sive
912 731 1096 819 Ἀσιάρχαι,
1127 741 1338 820 nuncupatur

158 838 323 930 ἀρχιερεῖς
344 848 403 909 τοῦ
425 840 565 927 μεχάλοο
587 845 668 908 θεοῦ
683 837 846 906 Διονύσου
867 839 917 925 (0.
932 842 953 904 i.
972 861 1019 922 gr.
1038 839 1143 923 1738),
1165 831 1338 921 ἀρχιερεάς

159 950 218 1012 τοῦ
238 950 348 1012 κοινοῦ
368 948 433 1010 τῶν
456 943 619 1023 Γαλατῶν,
632 939 852 1028 ,Γαλατάρχης
874 941 998 1028 (4016).

245 1066 306 1144 Qui
328 1065 479 1148 queniam
501 1084 609 1128 omnes
629 1063 844 1129 Romanorum
866 1061 991 1126 demum
1013 1065 1118 1126 aetate
1131 1057 1337 1122 inveniantur

159 1168 192 1232 in
204 1166 315 1243 titulis,
327 1166 389 1230 hec
406 1167 477 1248 ipse
491 1166 588 1229 etiem
602 1171 743 1248 tempere
755 1163 940 1246 Apollonius
956 1160 1225 1242 suisse'putsndus
1238 1165 1335 1224 esset.

161 1271 202 1332 At
238 1268 331 1334 aliter
367 1287 418 1332 res
450 1287 483 1330 se
516 1264 643 1330 habere·
663 1266 741 1329 mihi
773 1264 905 1328 videtur.
961 1263 1121 1345 Optimum
1153 1263 1335 1344 accepimns

160 1369 305 1436 Philonis
326 1367 541 1434 testimonium
558 1365 814 1450 Lempolitunum
835 1365 856 1429 i.
878 1385 903 1430 e.
915 1364 1104 1448 Aegyptium
1125 1363 1221 1430 fuisse
1236 1362 1335 1445 Apol·

161 1472 289 1537 lonium.
333 1470 371 1534 ln
394 1472 536 1551 Aegypto
564 1473 669 1532 autem
700 1466 799 1534 multo
828 1473 905 1532 ante
924 1466 1136 1532 Romanorum
1166 1463 1334 1546 imperium

161 1567 318 1655 ἀρχιερεῖς
355 1571 429 1636 illos
464 1569 560 1634 fuisse
593 1589 664 1634 cum
698 1567 897 1632 Menethcnis
930 1568 1023 1633 docet
1053 1566 1230 1648 exemplum
1262 1573 1334 1629 tum

162 1672 248 1739 tituli
277 1673 339 1756 ipsi
368 1671 552 1744 ostendunt,
585 1669 671 1734 velut
702 1668 923 1735 celeberrimus
954 1667 1009 1733 ille
1041 1668 1123 1752 lepis
1150 1667 1333 1734 Resettinns

163 1774 214 1858 [Ο.
236 1774 256 1837 i.
278 1795 323 1856 gr.
346 1775 437 1858 383]:
462 1765 493 1836 οῖ
516 1766 673 1853 ἀρχιερεῖς
693 1767 749 1834 καὶ
770 1773 940 1857 προφῆται
961 1807 1012 1848 -,
1035 1769 1146 1834 titulus
1168 1767 1334 1852 Lycopoli·

162 1882 257 1939 tenus
288 1874 338 1959 (G.
361 1874 382 1938 i.
404 1893 450 1956 gr.
473 1871 583 1958 47Ο7ι
607 1863 834 1950 Ἀπολλώνιος
962 1865 1127 1956 ἀρχιερεῖς
1154 1866 1331 1953 γενόμενος.

163 1977 247 2041 4302
271 1975 324 2056 (αῖ
343 1974 518 2042 [ιοιιοιιιιει
544 1973 673 2040 Reeueil
693 1973 749 2039 des
770 1974 910 2057 inscript
931 1993 1083 2056 grecques
1104 1979 1136 2037 et
1157 1972 1271 2037 lstines
1292 1969 1332 2034 de

50 2118 55 2125 .
164 2077 310 2160 l'Egypte
332 2075 371 2148 ΙΙ,
395 2097 426 2158 p.
448 2075 505 2159 25)
534 2069 711 2158 Ἐράτωνος
737 2077 825 2158 τ[οῖ]
853 2077 1021 2159 συγγενοῦς
1050 2071 1105 2138 καὶ
1132 2070 1331 2158 destruens]

164 2175 220 2242 καὶ
241 2169 519 2262 [ἀρχι]ντροφήτοο
539 2179 599 2260 τῆς
618 2171 773 2261 μεγίστης
794 2168 1008 2253 θεᾶςἼοιδος
1027 2179 1085 2260 τῆς
1106 2173 1140 2240 ἒν
1163 2171 1288 2252 Φίλαις.

249 2295 435 2362 Rectissime
462 2301 570 2360 eutem
599 2297 713 2360 statuit
733 2296 891 2361 Letrome
910 2295 947 2380 (1.
970 2296 991 2359 l.
1015 2295 1055 2359 11.
1076 2318 1107 2380 p.
1129 2294 1179 2360 25.
1205 2294 1256 2360 26.
1277 2293 1331 2375 27)

166 2395 258 2462 Isidis
292 2395 457 2480 pontifices
491 2396 646 2462 maximos
678 2397 711 2461 in
740 2397 843 2463 titulis
874 2397 1010 2462 Phileeis
1048 2398 1124 2462 ism·
1143 2395 1329 2480 Legidurum

165 2503 270 2583 setete
300 2497 433 2564 inveniri
464 2497 592 2562 natione
625 2497 781 2576 Graecos,
815 2500 958 2580 quamvis
990 2519 1076 2564 anuo
1109 2519 1138 2563 ε.
1169 2498 1242 2564 Ohr.
1271 2496 1328 2561 453

165 2597 322 2680 simplices
345 2597 436 2669 Isidis
458 2599 637 2664 sacerdotes
659 2606 691 2664 et
717 2599 895 2684 ¹prophetae
916 2601 1063 2685 Aegyptii
1080 2601 1227 2678 fuissent3
1257 2597 1327 2662 Julii

166 2699 286 2764 Vestini
324 2699 439 2766 deinde
475 2721 492 2765 e
521 2697 722 2782 pontificatu,
754 2701 808 2781 qui
837 2692 999 2784 ἀρχιερεὺς
1016 2694 1255 2783 Ἀλεξανδρείας
1279 2693 1327 2762 τοὶ

165 2795 344 2882 Λῖχάπτοο
359 2796 468 2887 ττάοης
486 2801 544 2866 sub
560 2801 721 2866 Hadriano
744 2801 812 2880 fuit,
837 2801 965 2884 collegit
981 2802 1140 2867 Letronne
1155 2802 1195 2885 (1,
1212 2823 1244 2886 p.
1256 2801 1324 2882 279)

164 2902 356 2985 Legidsrum
383 2903 445 2970 ism
474 2908 579 2968 aetate
605 2903 701 2968 fuisse
727 2903 923 2968 sacerdotem
952 2905 1049 2994 totius
1069 2905 1206 2988 Aegypti
1236 2902 1324 2968 mexi-

166 3024 266 3084 mum,
301 3005 464 3080 „ministre
485 3004 540 3070 des
562 3003 682 3070 cultes“
704 3009 740 3069 ut
760 3005 908 3088 perhibet
928 3006 1009 3089 ipse,
1033 3005 1117 3089 quud
1142 3027 1253 3072 munus
1273 3005 1323 3068 Re

165 3125 277 3169 manos
299 3105 412 3170 deinde
433 3107 609 3189 recepisse..
635 3104 697 3170 Sed
721 3105 773 3170 hic
793 3105 997 3189 pontificatus
1018 3107 1092 3172 tulis
1114 3115 1220 3173 utrum
1242 3105 1323 3172 fuerit

165 3225 280 3270 necne·
301 3207 368 3290 ipse
404 3228 468 3274 non
507 3227 635 3289 quaere.
672 3205 901 3286 uPontificutus
936 3215 1043 3274 autem
1077 3207 1132 3273 iile
1165 3208 1320 3292 Aegyptius

164 3307 279 3372 nubilis
307 3327 385 3374 sane
413 3307 537 3374 videtur
564 3307 676 3386 fuisse,
705 3309 823 3393 quippe
851 3311 906 3393 qui
931 3311 965 3374 iu
991 3309 1093 3374 titulis
1114 3330 1189 3375 mro
1210 3315 1319 3374 tantum

164 3415 320 3491 apparent
341 3428 442 3492 neque
463 3407 642 3474 litterarum
663 3409 852 3476 testimoniis
882 3410 989 3475 multis
1009 3409 1181 3493 prodetur,
1209 3417 1244 3475 st
1263 3408 1319 3474 url-

231 3653 265 3723 ⁸²)
285 3653 447 3707 Mommsen:
467 3653 501 3706 R.
519 3651 551 3706 G.
569 3652 601 3706 V.
619 3670 645 3721 p.
665 3655 716 3707 318
734 3669 793 3722 sqq.
813 3652 987 3721 Merquardt:
1008 3653 1100 3708 Reem.
1123 3656 1219 3709 Altert
1238 3651 1277 3708 IV.
1297 3652 1317 3702 Ι·

163 3760 189 3810 p.
209 3743 269 3796 374.
289 3755 353 3796 eun.
371 3743 397 3795 6.
420 3738 578 3794 Benndorf:
602 3739 682 3794 Reice
699 3739 786 3796 durch
805 3739 912 3808 Lykien
931 3741 988 3796 und
1005 3741 1108 3796 Kerien
1126 3759 1153 3811 p.
1173 3745 1215 3810 72,
1232 3746 1255 3796 2.
1287 3739 1316 3790 [ιε
1347 3769 1348 3782 ι

164 3827 392 3896 Bas-Weddingt
410 3826 447 3881 ed
463 3843 490 3880 n.
509 3827 569 3879 386.

231 3915 309 3981 ⁸⁸)st
336 3913 355 3966 Ι.
381 3930 422 3981 gr.
449 3914 526 3966 1242.
556 3913 630 3968 1247.
655 3911 732 3964 1271.
761 3914 838 3966 1366.
864 3917 941 3970 1318.
969 3915 1042 3970 1328.
1064 3912 1314 3970 1³5⁷.1363.lttt·

167 4005 240 4057 1370.
263 4004 337 4056 1375.
358 4001 434 4054 1408.
457 3998 588 4053 1428111.
609 3997 821 4068 Dittenberger:
840 3999 905 4067 Syll.
925 4001 985 4054 280.
1005 4001 1067 4055 288.
