2748 4714
590 249 610 314 9

0 427 156 509 Άνωλος.
201 432 396 515 p.115,40:
419 425 518 512 Ἀξία.
540 423 648 514 ’Άξος
692 454 723 516 p.
744 434 812 511 116,
833 427 1021 510 12;’Άονες.
1065 456 1095 517 p.
1113 433 1183 511 117,

10 535 71 600 45:
100 527 292 610 Ἀπαισσός.
337 528 514 614 Ἀπόμεια.
551 529 766 620 Ἀπότουρον.
808 530 989 602 Ἆπέννιον.
1031 529 1183 600 Ἀπόολα.

7 629 200 702 Ἀπόόαποι
230 639 411 720 [perperam
443 636 535 702 codd.
565 628 798 720 Ἀπόβρωτοι]
845 629 1053 703 Ἀπολλωνία
1088 641 1184 721 (quae

11 758 76 802 vox
98 737 233 803 conflata
249 745 348 803 estex
364 739 539 822 Stephano:
561 731 778 818 Ἀπολλωνία,
800 734 1040 820 Ἀπολλωνιεῖς,
1060 732 1185 803 Ἀπόλ-

11 839 117 916 λωνος
157 837 264 916 πόλις.
326 841 384 905 sub
420 839 514 905 finem
555 840 734 905 addendum
772 847 820 906 est
861 840 946 923 apud
991 841 1183 925 Stephanum

8 935 347 1027 Ἀπολλωνοπολίπης
376 937 436 1024 [ὥς
457 937 847 1027 Κωνσπανπινοοπολίτης
875 939 931 1006 καὶ
947 939 1185 1026 Ἀδριανουπο-

11 1039 145 1128 λίτης]).
180 1037 319 1126 ’Ἀπρος
351 1038 512 1125 ’Ἀπτερα
557 1042 717 1126 Sequitur:

102 1145 319 1233 Βορυσθένης,
340 1167 422 1229 quae
443 1165 502 1209 vox
524 1144 573 1208 vel
593 1147 626 1208 in
649 1144 758 1227 primis
781 1166 799 1210 e
819 1145 981 1229 Stephano
1003 1146 1182 1229 pendet¹¹).

11 1242 158 1328 Βόστρα.
195 1243 396 1330 Βούβαστος.
439 1239 639 1329 Βυοβιόνῑθ),
663 1246 715 1310 ubi
738 1267 776 1312 ea
795 1252 918 1311 tantum
941 1268 1022 1329 quae
1036 1247 1185 1330 leguntur

9 1349 89 1412 inde
111 1369 131 1412 a
152 1369 223 1432 pag.
245 1347 318 1424 207,
342 1349 427 1413 2-4
448 1348 586 1432 pendent
608 1369 625 1411 e
648 1348 819 1430 Stephano.
858 1345 997 1412 Βσοθία.
1040 1345 1184 1437 Βοοθόη.

13 1445 250 1531 Βουπρόσιον.
292 1447 498 1535 Βρενιήσιον.
548 1447 666 1516 Γέλα.Ι
696 1455 726 1512 Γ
724 1445 863 1532 όργυρος.
913 1447 1054 1538 Διδύμη.
1098 1444 1185 1534 Ἐρύ-

10 1555 104 1615 θεια.
139 1545 243 1634 Ἔρυξ.
284 1543 490 1636 Ἐρύμανθος
515 1551 580 1634 [Et.
609 1551 690 1615 (iud.
719 1573 750 1635 p.
777 1553 865 1635 210}
901 1546 1055 1616 Binaria.
1112 1553 1183 1630 302,

14 1655 76 1718 13:
110 1645 265 1731 Ἐλαιούς.
307 1648 464 1734 Ἐχιλόόαι
495 1654 543 1735 [Ε.
568 1653 609 1716 Μ.
627 1647 760 1732 ’Ἑχελος
787 1653 827 1718 of.
851 1653 977 1718 Berkeli
1005 1654 1045 1719 ad
1076 1653 1184 1737 Steph.

10 1776 124 1820 vocem
158 1760 257 1839 auu.].
303 1748 408 1842 Ἰόπη.
457 1752 660 1838 Κόναστραν.
710 1751 813 1819 Κόπα.
858 1751 981 1837 Λαμία
989 1759 1041 1840 1⁴).
1086 1760 1186 1819 Μασ-

10 1852 117 1921 σαλία
146 1857 199 1939 (ot
226 1857 314 1923 Eunt.
353 1856 443 1922 Dion.
476 1878 504 1923 r.
535 1854 599 1941 75).
648 1851 882 1921 Μεταπόντιον
893 1861 945 1942 ¹⁶).
988 1849 1187 1942 Λάμψακος

13 1991 53 2012 =
81 1957 116 2021 Ε.
132 1957 174 2021 M.
198 1955 346 2022 Πιτύεια.
377 1957 416 2022 of.
440 1957 538 2022 schol.
559 1960 619 2041 Ap.
642 1958 700 2022 Rh.
723 1960 763 2020 A
785 1957 858 2023 933.
891 1957 927 2021 ll.
952 1963 982 2022 Β
1004 1961 1067 2025 829
1090 1962 1186 2042 [quae

10 2082 90 2124 cnm
107 2059 268 2142 Stephano
290 2060 408 2124 collate
422 2058 633 2142 Epaphroditi
647 2060 789 2124 iudicant
802 2057 988 2125 doctrinam.
1004 2060 1186 2125 othrentz·

9 2183 89 2227 nor:
120 2159 328 2244 Epaphroditi
358 2162 564 2244 grammatica
594 2182 675 2243 quae
704 2168 873 2243 supersunt
899 2181 929 2243 p.
951 2161 1017 2244 34].
1067 2165 1185 2226 Μυκα-

10 2257 147 2348 λησσός.
183 2255 394 2339 Ναύπακτος.
434 2253 581 2346 Ὀρέοσαι
612 2263 651 2328 of.
674 2263 779 2328 Miller
804 2261 876 2326 Mel.
899 2283 928 2345 p.
951 2261 1023 2327 227.
1059 2259 1188 2347 Πόριον

12 2364 108 2446 (ibid.
132 2385 162 2447 p.
184 2365 273 2448 237).
309 2358 450 2429 Πισιόία
471 2370 504 2428 et
524 2360 666 2446 Σόλυμοι
685 2397 720 2417 =
738 2364 774 2430 Ε.
788 2363 831 2428 Μ.
853 2363 1004 2443 Σόλυμοι.
1048 2366 1186 2449 Σιμαῖον

10 2466 71 2532 ubi
100 2466 217 2532 Milleri
250 2466 349 2532 codex
380 2487 444 2530 non
475 2458 718 2530 όνεκολόπισαν
751 2464 805 2529 sed
835 2464 1027 2548 Stephanum
1060 2471 1186 2530 secutus

8 2563 265 2648 ἀνεσταύρωσαν
291 2567 426 2633 exhibet
473 2572 506 2631 Τ
502 2562 603 2651 αρσός
631 2567 681 2650 [Ε.
703 2567 782 2631 Gud.
806 2589 837 2648 p.
860 2567 949 2651 523]‚
996 2563 1187 2652 Τοόμησσος

11 2705 51 2729 =
74 2669 110 2732 F.
127 2668 168 2734 Μ.
190 2664 382 2752 τιυμήσαιο.
425 2663 624 2754 Ἰόφρηστος.
665 2663 799 2748 Ὑλλοῖς,
822 2669 883 2732 uisi
904 2669 988 2750 quod
1011 2670 1087 2734 vitio
1108 2690 1186 2751 quo·

6 2773 91 2836 dam
109 2769 144 2834 E.
162 2769 204 2834 M.
227 2770 325 2836 habet
340 2765 439 2848 ἔθνος
455 2767 621 2836 Κελτικόν.
659 2770 852 2854 Stephanum
877 2776 961 2834 nette
982 2791 1021 2834 ex
1044 2770 1187 2836 uberiore

5 2877 44 2940 in
82 2870 283 2954 Apollonium
315 2872 436 2938 scholio
466 2873 606 2940 hausisse
635 2874 784 2938 collatum
816 2871 908 2935 docet
936 2869 1035 2936 schol.
1064 2869 1103 2935 ad
1128 2871 1186 2953 Ap.

6 2974 70 3050 lv,
96 2973 169 3037 524.
215 2970 369 3055 Κραννιόν
392 2975 449 3039 sub
472 2975 566 3039 finem
590 3005 633 3030 =
655 2973 690 3038 E.
713 2974 753 3037 Μ.
781 2968 921 3056 Φλεγύαι
954 2972 993 3038 cf.
1015 2970 1137 3037 Berkel.
1161 2994 1186 3037 s.

7 3077 42 3142 h.
72 3097 100 3136 v.
144 3071 333 3158 Χαλύστρα.
378 3076 498 3141 Contra
524 3075 701 3161 Etymologi
730 3081 836 3140 autem
862 3074 1051 3160 scripturam
1080 3069 1188 3156 νίτρου

6 3179 72 3262 (cf.
105 3176 200 3240 etiam
232 3175 309 3242 Min.
336 3177 357 3242 l.
380 3177 400 3241 1.
430 3199 461 3260 p.
484 3179 561 3262 306)
595 3199 665 3241 cum
699 3176 853 3242 Meiuekio
887 3174 1086 3241 scribendum
1120 3197 1187 3241 esse

6 3278 194 3366 putaverim
225 3274 348 3362 λίτρον,
382 3299 445 3360 qua
474 3278 599 3362 quidem
630 3279 715 3342 vocis
742 3279 844 3345 forma
874 3277 1066 3354 Hecataeus,
1098 3278 1186 3341 cuius

4 3380 115 3448 verba
136 3399 232 3462 supra
255 3380 417 3464 leguntur,
446 3380 571 3445 videtur
599 3400 675 3444 usus
697 3400 772 3444 esse.
806 3379 845 3442 of.
869 3378 984 3443 Herod.
1007 3381 1038 3455 2,
1061 3377 1110 3441 86.
1134 3378 1185 3442 87.

4 3544 222 3556 ...---..-

86 3640 118 3708 ¹')
137 3636 236 3694 Nescio
258 3654 293 3691 au
317 3637 403 3692 verba
420 3638 451 3692 Ε.
471 3638 509 3693 Μ.
528 3655 550 3691 s.
567 3636 595 3690 h.
614 3652 645 3690 v:
667 3632 694 3690 ‘O
712 3629 878 3706 καλούμενος
896 3630 1039 3703 Δόνουμις,
1058 3637 1184 3705 quamvis

5 3729 115 3786 vitiosa
134 3726 198 3792 sint,
216 3724 319 3778 fuerint
330 3724 395 3778 olim
407 3725 436 3778 in
449 3723 597 3793 Stephano.
628 3721 742 3778 hineass
761 3723 834 3780 ἔλεος
851 3722 1013 3776 mutandum
1026 3727 1067 3776 est
1080 3724 1107 3776 in
1120 3721 1187 3782 ἕλος.

90 3831 124 3900 ν)
142 3829 183 3884 σι.
199 3829 271 3884 mur
289 3827 354 3882 nu.
371 3846 399 3897 p.
419 3831 461 3883 es.

87 3937 122 4000 ¹⁸)
140 3934 298 4004 mendum
316 3937 359 3988 est
376 3929 480 4004 Λάμου
497 3949 548 4002 pro
565 3934 688 4002 Λαμίου.

89 4041 123 4109 ¹⁸)
142 4041 216 4107 Quae
238 4039 272 4092 de
292 4037 405 4092 Metabo
424 4038 498 4108 epod
520 4037 688 4107 Stephanum
707 4035 830 4104 exposite
848 4039 912 4087 sunt
930 4036 1105 4090 consentiunt
1123 4053 1186 4090 eum

6 4130 121 4190 scholio
135 4129 244 4181 vetusto
257 4125 285 4179 in
296 4125 364 4179 Aen.
376 4125 422 4193 xl,
443 4125 553 4193 hwite,
571 4127 758 4192 ututrumque
777 4140 809 4174 ex
827 4123 965 4177 communi
984 4123 1060 4177 fonte
1078 4122 1189 4178 fluxisse

7 4223 74 4278 ture
94 4213 205 4269 dixeris·
