2748 4714
564 255 603 320 lb

60 435 256 530 ·Ἀρίσβη,
285 441 385 521 πόλις
405 439 467 530 τῆς
487 440 641 527 Τρωάδος
751 435 1060 530 ηαμιῖἍρίσρίην.Ι
1083 446 1168 527 [Λυ-

9 542 144 630 κόφρωι·
166 540 279 632 Γήμας
299 539 454 631 Ἀρίσβην
479 549 633 632 Κρῆσσαν
654 536 763 631 εὐγενῆ
783 539 898 632 κόρην]
921 545 959 610 cf.
978 545 1057 610 Mill.
1071 568 1100 629 p.
1117 548 1168 612 43.

85 675 273 747 Ἀσία...
318 676 445 768 ,,’Λσι’ῳ
476 679 510 746 ἐν
549 681 703 762 λειμῶνι“
740 675 879 766 [ἐκλήθη
915 669 974 745 οὖν
1001 673 1117 760 Ἀσίας
1150 679 1168 748 ό

9 778 118 862 λειμών
139 777 210 847 ἀπὸ
224 776 337 848 Ἀσίου
357 787 416 848 τοῦ
439 776 576 861 Κότυος,
600 773 636 861 ὃς
656 769 696 867 ἦν
717 779 872 864 βασιλευς
892 781 1039 870 Λυδίας]
1051 833 1059 848 .
1072 833 1079 848 .
1092 833 1122 850 ..
1178 801 1184 808 ·

85 883 191 950 Verba
213 907 293 968 quae
315 887 428 951 deinde
443 892 607 951 secuntur:
630 880 685 948 καί
701 874 1039 962 ίωνικῶςἈσίεωκαί
1052 878 1167 950 Ἀσίω·

9 975 49 1060 ὥς
70 975 234 1067 suippe-iim
255 1009 294 1052 ex
309 988 346 1054 E.
362 985 405 1052 Μ.
427 987 553 1070 integra
573 983 721 1051 exhibere
742 1005 806 1050 non
827 986 938 1064 arreim,
962 987 1045 1068 quod
1070 987 1170 1055 multa

9 1083 45 1150 ibi
72 1085 120 1152 bie
147 1092 180 1152 et
209 1095 295 1156 nerto
325 1087 436 1154 ordine
465 1088 606 1154 carentia
632 1087 796 1170 leguntur,
830 1086 886 1152 sed
915 1086 1042 1154 fluxieee
1062 1109 1100 1156 ea
1118 1109 1169 1165 *ex

8 1183 160 1270 Stephano
196 1191 246 1256 vel
281 1211 321 1255 ex
357 1191 497 1256 eiusdem
532 1189 621 1256 fonte
662 1189 716 1253 ubi
753 1189 891 1273 primum
928 1189 1169 1272 perlustraveris

8 1309 178 1372 rognoeeea
234 1293 290 1357 Ori
321 1298 427 1358 autem
463 1291 542 1357 haec
578 1296 749 1374 praecepta
784 1311 852 1355 eeee
889 1290 1041 1358 collatum
1077 1291 1171 1358 donet

8 1389 96 1455 tehol.
120 1395 161 1471 Β,
188 1393 250 1458 461
267 1393 312 1472 Ι),
342 1393 428 1476 quod
461 1414 536 1458 eane
569 1392 644 1458 olim
677 1388 804 1457 uberius
835 1391 896 1456 fuit
906 1390 957 1478 θ’).
990 1392 1030 1458 ef.
1058 1393 1167 1460 Lentu.

8 1489 69 1558 iter.
94 1493 197 1579 praef.
220 1495 326 1562 CLIV.

80 1631 186 1698 Velim
209 1631 322 1698 deinde
344 1632 548 1698 conferentur
570 1629 724 1714 Stephani
746 1650 770 1695 e.
792 1654 820 1697 v.
838 1623 954 1716 Ἀτρία
980 1630 1077 1696 verbu
1098 1651 1168 1697 enm

8 1731 199 1818 itymologo,
220 1735 276 1817 qui
298 1755 368 1800 eum
391 1753 473 1800 nova
493 1734 546 1798 vix
567 1731 680 1798 afferat
700 1737 807 1796 tamen
829 1753 893 1799 non
913 1740 1004 1798 tanta
1016 1732 1170 1799 brevitate

8 1841 116 1916 fluenta
137 1835 408 1920 ethnieographue
429 1835 468 1902 de
489 1834 597 1900 eadem
620 1854 656 1898 re
676 1834 745 1916 agit
765 1833 829 1898 hie:

71 1926 211 2019 Ἀτρία·’
229 1959 267 2005 π.
292 1943 330 2002 Τ.
352 1930 531 2019 ἱστορεῖται
553 1934 590 2000 δὲ
618 1929 685 2000 ὑπὸ
707 1930 895 2022 Διομήδους
916 1939 1093 2022 κτισθῆναι
1109 1932 1170 1999 καί

8 2031 385 2126 ίνομασθῆναιΑίθρία.
421 2033 473 2103 ότι
495 2031 693 2113 ἐπιστάντος
714 2030 814 2100 αὐτοῦ
834 2039 881 2120 τῷ
902 2033 994 2123 τόπῳ
1013 2041 1170 2120 χειμῶνος

8 2135 82 2217 ντος
109 2139 233 2226 συνέβη
263 2135 399 2222 αἰθρίαν
424 2138 591 2220 γενέσθαι.
634 2133 666 2202 οἳ
695 2136 731 2210 δὲ
758 2138 914 2222 [suppleri
940 2144 1046 2222 petest
1066 2159 1085 2204 e
1106 2138 1169 2203 St:

7 2237 169 2326 ίόρβαροι]
192 2237 482 2328 παραφθοίραντες
503 2239 540 2306 τὸ
563 2232 667 2322 ὄνομα
683 2232 816 2324 Ἀτρίαν
837 2236 937 2328 αὐτὴν
959 2233 1142 2322 ὠνόμασαν.

74 2377 160 2444 Cum
191 2377 344 2462 Stephani
373 2377 486 2443 deinde
516 2376 620 2443 verbis
649 2397 730 2459 quae
762 2375 912 2458 leguntur
938 2398 962 2441 e.
987 2400 1013 2442 r.
1043 2373 1169 2443 Αόλών

7 2479 190 2546 onferenda
212 2486 287 2545 eunt
307 2479 417 2565 paullo
432 2479 588 2558 uberiora,
612 2500 694 2560 quae
709 2477 920 2560 extantepud
935 2477 971 2542 h.
988 2477 1028 2542 M.
1048 2479 1116 2558 170,
1133 2478 1167 2542 8:

73 2576 262 2664 Αὖλωνία,
294 2577 396 2659 πόλις
420 2575 489 2646 dnh
519 2583 755 2665 Κροτωνιατῶν
789 2581 980 2660 κτισθεῖσα,
1013 2577 1069 2644 καὶ
1101 2574 1169 2645 ἀπὸ

7 2687 51 2747 ῶν
84 2685 318 2770 προκειμένων
350 2676 506 2747 αὕλιόνων
538 2677 654 2764 ἔχουσα
685 2679 724 2746 τό
758 2673 878 2764 ὄνομα·
910 2676 1043 2766 ὕστερον
1066 2680 1102 2747 δὲ
1123 2687 1170 2768 τῷ

7 2782 90 2872 ρόνῳ
115 2781 301 2852 Καυλωνία
322 2780 454 2872 ἐκλήθη.
601 2795 602 2800 ’

73 2919 270 3009 Βιβλίνη,
302 2918 392 3007 χαίροι
421 2916 557 3008 Θράκης.
607 2911 677 2984 ἆπὸ
706 2916 824 3006 ταύτης
927 2910 1023 2997 οἶνος.
1068 2913 1100 2984 oi
1132 2919 1170 2985 όὲ

23 3179 48 3214 v.
69 3159 185 3232 ’Λγκών
205 3158 294 3228 „male
312 3157 407 3212 eedula
425 3158 540 3210 manue¹¹
559 3154 655 3209 intulit
673 3158 702 3208 et
719 3171 752 3207 ex
764 3153 903 3208 Eurtathii
921 3169 1018 3207 nomm.
1036 3152 1072 3206 ad
1091 3133 1180 3208 Ηοαι.Ι

7 3252 96 3317 ‚324,
131 3250 170 3304 37
192 3245 350 3302 Meinekiue
374 3245 504 3300 restituit.
539 3243 618 3296 Unde
636 3258 698 3296 eum
720 3236 877 3312 Ἀντρώνιος
899 3234 962 3298 ὄνος
986 3257 1040 3296 non
1063 3241 1168 3295 aeinnm

7 3355 120 3406 agnum
153 3335 208 3390 aed
235 3334 355 3404 lapidem
373 3333 506 3386 molarem
524 3331 694 3400 Stephanum
712 3329 815 3383 dixisse
835 3331 980 3398 appareat,
1009 3328 1065 3382 alia
1087 3328 1169 3382 etiarn

7 3426 127 3494 *peritur
153 3421 300 3492 proverbii
324 3420 530 3488 interpretatio,
556 3418 660 3472 acholio
682 3417 718 3472 ad
742 3415 775 3470 11.
798 3420 822 3465 B
847 3418 899 3469 697
918 3414 981 3479 AI),
1005 3414 1049 3467 Et.
1070 3415 1170 3484 Magno

10 3511 200 3582 Diogeniano
219 3514 290 3563 cent.
304 3514 328 3576 1,
346 3509 388 3574 26,
408 3509 495 3576 Apoet
507 3505 540 3569 ΙΙ,
560 3509 594 3559 90
613 3509 728 3566 servata,
747 3501 795 3556 nbi
810 3497 965 3572 Ἀντριόνιος
976 3495 1039 3559 ὄνος
1051 3501 1100 3554 rur
1116 3505 1171 3554 τῶν

7 3597 115 3672 ιγόλων
148 3599 204 3650 καὶ
230 3593 334 3668 ἀγρίων
362 3595 408 3646 καὶ
427 3588 610 3664 όνενεργὴτων
637 3594 800 3660 usurpatum
828 3605 886 3642 esee
910 3587 1007 3642 elucet.
1049 3589 1170 3642 Duarum

7 3688 68 3742 itur
87 3685 361 3754 interpretationum
374 3682 555 3750 Etymotngue
567 3681 683 3735 alteram
696 3697 712 3732 a
725 3676 862 3746 Stephano
882 3676 1017 3730 diversam
1035 3676 1170 3744 nequitur.

7 3791 123 3828 ecorum
135 3772 226 3841 eopia
237 3787 291 3825 non
302 3769 466 3839 suppetebat
474 3765 680 3822 Warnkrneeio:
700 3765 740 3820 De
752 3761 1007 3835 paroemingrephie
1025 3764 1118 3832 eapite
1134 3763 1170 3817 11.

24 3867 68 3918 32.
91 3881 165 3917 ann.
189 3861 235 3912 59.

48 3969 86 4036 ²⁸}
105 3962 254 4034 Stephani
281 3961 373 4016 locum
396 3959 525 4014 Lentaiue
554 3958 654 4013 eollato
683 3957 770 4012 nehel.
795 3961 821 4007 Β
845 3959 895 4010 461
921 3953 1018 4010 BDLV
1047 3954 1172 4009 vindieat

7 4057 148 4112 erodiano
183 4049 236 4120 [ef.
259 4049 344 4118 praet.
366 4067 394 4118 p.
417 4045 506 4118 cm,
530 4043 715 4114 Etymologiei
742 4049 834 4099 antem
860 4043 944 4098 verba
970 4041 1058 4096 multe
1082 4042 1171 4111 megin

7 4149 89 4200 eiunt
109 4158 183 4196 eum
205 4136 291 4190 eehol.
304 4139 330 4188 Β
347 4135 434 4190 4611)
453 4133 641 4200 antecedente,
659 4131 704 4186 eni
722 4130 892 4201 edaeriptum
909 4133 951 4184 eet
970 4145 977 4182 :
996 4121 1080 4186 οὕτως
1092 4120 1173 4199 Ὦρος

22 4237 59 4308 τῇ
78 4227 288 4302 ὀρθαγραιρίη,
306 4238 360 4292 quo
378 4223 481 4291 scripto
499 4238 578 4275 neum
598 4237 657 4275 esee
676 4218 845 4289 Stephanum
863 4217 945 4272 donet
962 4231 1016 4270 vox
1030 4217 1171 4285 Ταίναρος.
