2748 4714
748 191 790 256 34

267 377 334 443 Sub
355 395 432 442 voce
452 377 588 462 denique
603 372 779 460 Λοκωρεία
800 395 903 459 pauca
927 379 1023 457 atque
1045 393 1085 440 ea
1105 373 1233 456 quidem
1251 372 1351 464 brevi

185 479 340 560 leguntur.
377 477 532 543 'Pleniora
553 477 651 543 habea
672 479 706 543 in
728 477 764 543 E.
789 477 846 542 M.:

268 575 497 664 Λυκωροία,
528 573 631 656 ττύλις
657 574 839 664 Δελφίδος,
868 577 903 643 ἐν
928 569 948 666 ᾖ
970 579 1108 658 τιμᾶται
1136 569 1351 642 ὁἉκτύλλοιν

183 675 254 744 ἀπὸ
275 676 440 764 Λυκώρου
461 680 536 763 [Str
569 677 770 764 Λοκωρέιος]
796 675 969 755 κτίσαντος
990 670 1107 764 αύτήν,
1140 675 1212 742 olori
1247 682 1351 759 Κωρυ

184 777 283 860 κείας,
306 775 475 858 οἰκοῦντος
501 783 562 864 (sic
584 781 700 847 Milleri
722 783 790 849 ccd.
817 803 848 864 p.
872 781 935 846 208
958 802 1018 864 pro
1040 773 1232 863 οἰκούντων)
1257 773 1296 840 ἐν
1316 779 1351 862 cd

184 882 366 968 Παρνασῷ·
396 879 451 947 καὶ
479 879 518 946 τὸ
547 879 785 966 παρακείμενον
812 875 889 967 ὅρος
914 877 1047 947 ἐκάλεσε
1074 876 1265 964 deoderico
1293 871 1351 944 ἇπι

184 985 245 1070 τῆς
265 978 383 1048 ἑαυτοῦ
402 983 525 1069 μητρὸς
547 981 744 1068 Κωροκείας.
1350 985 1351 998 ’

271 1103 359 1180 Quae
380 1123 452 1167 cum
474 1103 569 1169 etiam
591 1104 676 1188 apud
698 1103 889 1168 Pausaniam
905 1103 945 1182 X,
969 1105 998 1182 6,
1020 1103 1051 1181 3,
1072 1121 1135 1184 quo
1151 1098 1351 1183 Etymologm

188 1225 350 1288 uunquam
371 1225 446 1270 usus
462 1210 518 1284 ast,
541 1205 751 1282 inveniantur,
774 1204 836 1269 hac
858 1204 1101 1270 ratiocinatione
1121 1221 1232 1268 verum
1256 1199 1351 1286 colligi

185 1326 277 1390 poaee
306 1305 493 1390 putaverim.
543 1305 758 1372 Alexandrum
786 1305 1018 1390 Polyhistorem
1046 1305 1125 1370 duce
1156 1302 1197 1368 de
1229 1299 1351 1366 oracul<

186 1407 340 1490 Delphico
362 1405 476 1484 libros,
498 1427 595 1474 unum
618 1407 658 1476 de
679 1407 822 1492 Lycorea
852 1405 1042 1483 condidisse,
1072 1404 1188 1487 quibua
1218 1423 1299 1470 usus
1321 1403 1351 1466 eit

68 1514 71 1522 '
186 1508 360 1574 Pausanias
385 1508 441 1591 [X,
464 1508 494 1587 6,
519 1511 546 1573 1.
578 1507 619 1586 X,
642 1509 672 1586 6,
695 1510 730 1592 9]
743 1509 978 1574 demonstrasse
998 1506 1122 1576 videtur
1142 1505 1221 1572 mihi
1237 1503 1351 1572 Maec

186 1611 263 1674 sina
274 1613 318 1694 ὁ1)
340 1609 394 1692 [da
410 1609 476 1674 Sib.
491 1609 556 1676 ind.
571 1631 602 1693 p.
617 1611 657 1676 21
674 1617 706 1676 et
720 1631 794 1676 ann.
810 1610 863 1674 51.
885 1631 916 1693 p.
934 1609 1000 1692 62],
1023 1627 1117 1690 quem
1134 1606 1266 1689 quidem
1281 1604 1351 1685 fugit

186 1710 365 1794 Etymolom
388 1710 476 1776 locus
497 1732 570 1776 oum
585 1711 742 1778 Pausania
758 1709 976 1779 conferendus.
1014 1709 1136 1774 Novum
1148 1709 1249 1791 igitur
1263 1725 1351 1787 argue]

187 1818 326 1876 mentum
348 1811 494 1912 attulisse
516 1811 594 1878 mihi
611 1812 728 1890 videor,
749 1811 834 1877 unde
849 1832 932 1894 quae
946 1811 1102 1878 Maassius
1116 1810 1200 1876 dixit
1212 1807 1351 1891 augenda

188 1912 259 1978 nint
303 1912 368 1978 Get.
392 1912 431 1978 cf.
454 1912 551 1980 schol.
574 1915 632 1996 Ap.
656 1913 716 1980 Rh.
736 1913 767 1993 4,
793 1911 885 1978 1490.
1350 1943 1351 1980 l

273 2191 334 2257 Sed
355 2191 421 2259 iam
436 2194 527 2259 mitto
543 2194 750 2271 coniecturas,
773 2192 909 2274 quaeda
927 2191 1057 2257 vocibus
1071 2186 1194 2276 Πέλλη,
1217 2186 1345 2274 Πύγελα

188 2295 303 2370 Χῶνες
324 2300 381 2359 oet.
433 2315 467 2359 ee
496 2295 572 2361 mihi
600 2294 797 2373 obtulerunt,
820 2294 884 2360 iam
914 2293 998 2391 eninr
1019 2293 1112 2357 huius
1134 2235 1351 2402 disputatiouid

189 2393 264 2459 inde
284 2393 325 2459 ab
346 2395 438 2461 initio
459 2396 492 2461 id
513 2397 655 2480 agebam,
679 2402 829 2478 utquam
852 2396 1025 2460 certissima
1047 2393 1232 2478 proferrem.
1279 2391 1351 2466 (lone

259 2655 295 2720 ιλ)
314 2656 407 2712 Pauca
426 2660 456 2710 et
479 2656 559 2712 nobit
582 2657 665 2712 liceat
689 2655 798 2719 afferre,
821 2669 887 2710 nane
905 2655 971 2712 aas
989 2655 1061 2710 mira
1077 2673 1127 2724 per
1144 2673 1174 2710 aa
1190 2672 1287 2711 verum
1303 2661 1351 2736 uonl

188 2743 228 2795 ita
241 2747 409 2812 comparata,
427 2747 459 2797 ut
471 2744 553 2813 plura
562 2745 627 2799 inda
639 2743 769 2812 colligere
782 2742 905 2796 audeam.
913 2743 1102 2798 Alexandrum
1115 2743 1187 2798 enim
1206 2741 1348 2811 complures

191 2829 226 2882 de
238 2829 320 2884 rebua
332 2829 446 2886 Creticis
461 2831 602 2900 aeripeiree
619 2831 705 2886 libror
724 2829 885 2894 scholiastes
903 2829 939 2882 ad
950 2831 1001 2898 Ap.
1011 2828 1063 2884 Rh.
1074 2829 1121 2898 IV,
1142 2830 1211 2884 1492
1225 2829 1291 2884 dicit
1301 2825 1351 2916 hiep

133 2991 135 2994 Ι
186 2913 360 2986 Ἀλέξανδρος
387 2914 419 2970 δὲ
447 2915 478 2970 ἒν
507 2911 606 2987 πρώτῳ
632 2919 774 2987 Κρητικοῖν
803 2915 836 2988 τῇ
860 2913 1032 2967 Ἀκακαλλίδι
1046 2917 1198 2970 ,συνελθεῖν
1221 2929 1290 2988 φησι
1308 2908 1351 2996 τὸνρ

187 2997 288 3073 Ἑρμῆν
317 3005 364 3055 καὶ
386 3000 435 3055 τὸν
459 2999 616 3056 Ἀπόλλωνα
638 3004 684 3055 καὶ
706 3003 737 3056 ἐκ
753 3003 807 3074 μὲν
822 2995 987 3061 amamus
1003 3005 1135 3073 γενέσθαι
1153 3000 1255 3065 Νάξον,
1279 3002 1305 3054 ἐκ
1320 2995 1351 3052 dll

186 3091 289 3160 Ἑρμοῦ
305 3086 439 3158 Κύδωνα,
456 3079 543 3161 ύφόὗ
563 3085 676 3156 ἡπόλις
692 3088 822 3142 Καύανία
840 3089 961 3141 καλεῖται
984 3089 1014 3143 ἐν
1036 3085 1135 3162 Κρήτῃ.
1190 3089 1284 3160 Longe
1302 3083 1345 3138 alia

190 3176 370 3232 inveniuntur
381 3178 455 3246 apud
465 3177 627 3232 Pausaniam
648 3179 690 3242 10,
709 3179 750 3244 16,
769 3179 794 3243 6,
812 3175 859 3244 qui
872 3175 1028 3245 Elyricrum
1046 3177 1234 3232 pemmonem
1252 3176 1344 3232 recula!

188 3261 236 3332 [cf.
264 3264 347 3318 etiam
373 3263 506 3320 Xenionia
530 3263 563 3320 ir.
588 3263 714 3318 611611.
738 3263 783 3330 lV,
805 3279 833 3332 p.
852 3261 916 3332 528]
942 3263 1110 3332 Phylaciden
1131 3268 1160 3317 et
1180 3262 1343 3320 Philandrnm

188 3350 324 3420 Apollinis
346 3353 375 3404 et
391 3349 559 3420 Aeacallidia
575 3349 646 3406 filioe
669 3349 747 3404 dicit.
785 3352 821 3404 At
844 3350 918 3404 idem
942 3365 1049 3418 semper
1066 3349 1120 3404 ribi
1136 3355 1266 3406 conatum
1281 3341 1343 3415 quari

189 3454 245 3490 uon
264 3436 369 3505 scripta
387 3437 503 3505 legiaaet
519 3437 569 3492 aed
586 3454 620 3492 ex
638 3436 812 3492 Oreteuaibua
829 3438 888 3506 ipae
906 3436 1027 3490 audieret
1045 3436 1114 3491 haec
1130 3441 1228 3492 narrat
1243 3437 1271 3491 in
1286 3432 1342 3487 libro

189 3526 214 3590 6,
234 3524 275 3588 63,
296 3527 326 3578 4:
363 3527 468 3595 Κρῆτες
494 3522 526 3577 dl
549 3521 602 3593 σύχ
619 3519 817 3594 ὁμολογοῦντες
833 3527 872 3593 τῷ
894 3525 1034 3592 Τεγεατῶν
1051 3517 1124 3592 λόγῳ
1140 3519 1279 3576 Κύδωνα
1293 3517 1342 3590 μὲν

189 3608 435 3668 Ἀκακαλλίδος
464 3607 639 3682 θυγατρὸς
672 3614 773 3662 Μίνω
800 3613 859 3663 καλ
889 3611 1013 3681 Ερμοῦ.
1057 3609 1177 3666 Aliunde
1210 3617 1294 3666 autam
1314 3604 1340 3655 dt

190 3697 301 3767 Cydona
319 3697 486 3753 Araoallidir
507 3696 565 3751 filio
587 3715 642 3752 non
666 3702 784 3753 constat.
809 3701 861 3752 cet
886 3697 925 3751 cf.⁴
941 3699 1006 3752 Aut.
1024 3695 1086 3750 Lib.
1104 3698 1191 3764 XXX,
1232 3689 1341 3752 Narrali⁰

189 3784 289 3842 deinde
299 3801 339 3852 ea,
352 3801 435 3853 quam
447 3784 482 3838 de
491 3785 570 3838 ltonc
580 3785 787 3853 amphictyonis
796 3784 854 3838 tilio
864 3784 1009 3838 tradiderit
1020 3779 1339 3838 Alexandernrmenidm

190 3871 437 3937 renouarentur,
455 3875 533 3925 extat
549 3870 623 3940 apud
635 3871 720 3925 schol.
733 3873 783 3939 Ap
800 3871 852 3924 ltu.
867 3875 889 3938 1,
909 3873 971 3924 tul.
984 3869 1020 3923 cl.
1037 3869 1111 3924 inira
1129 3887 1154 3939 p
1173 3873 1216 3924 66.
1236 3871 1282 3924 aa
1292 3865 1340 3931 ip⁸⁸

190 3963 281 4011 autem
305 3958 415 4011 aliunde
432 3974 490 4012 non
511 3956 690 4012 confirmatur
705 3958 758 4012 nini
776 3958 812 4011 ab
832 3975 886 4011 uuo
906 3957 1048 4010 Pausania.
1067 3959 1093 4024 6,
1113 3960 1136 4023 1,
1157 3962 1185 4011 l:
1197 3952 1300 4009 Ἴτανον
1314 3945 1339 3997 dl

189 4040 388 4114 Ἀμφικτύονος
418 4041 491 4096 εῖναι
517 4047 652 4114 λέγουσιν.
677 4043 715 4099 cl.
738 4046 765 4110 ὅ,
789 4049 813 4111 1,
836 4047 861 4098 4.
884 4045 909 4111 9,
931 4047 974 4111 64,
1003 4047 1028 4098 1.
1072 4041 1147 4100 llaec
1170 4045 1206 4099 ad
1228 4061 1265 4112 eu,
1284 4047 1337 4106 «1⁰⁸⁰

192 4129 325 4189 Maaeeina
343 4131 479 4198 expernit,
496 4131 621 4185 addenda
638 4145 697 4184 eane
714 4131 816 4198 putavi
842 4137 851 4165 ⁹
1253 4127 1257 4134 '
