2748 4714
569 212 612 275 23

20 417 104 479 quam
124 395 327 480 Etymologus
347 395 480 479 praebet
505 397 713 480 gemmetico
740 401 919 480 praesepta.
964 396 1052 474 Quae
1073 395 1174 461 Hero-

18 499 105 564 diano
130 497 273 564 debenda
295 519 362 562 esse
382 504 420 564 ut
440 497 654 563 existimemus
675 497 811 564 efficitur
833 519 988 564 consensu
1006 499 1172 564 verborum

18 595 86 666 ἐπεὶ
101 641 134 650 -
152 595 418 686 παρυληγόμενου
446 606 478 665 ot
498 599 671 665 Herodieni
698 600 798 683 ipsius
825 600 895 665 loeo
922 598 955 664 in
983 598 1064 665 libro
1095 596 1173 684 περὶ

15 725 76 782 μου
98 698 160 782 λέξ
180 725 213 786 p.
235 703 309 780 920,
334 703 373 768 15
395 703 500 768 Lentz.

91 816 293 886 Καπύα..
306 813 488 908 ,avenay
502 811 555 905 [ην
564 812 688 902 Ῥῶμος
709 842 764 883 και
755 813 982 900 Ῥωμύλοςί
952 841 1018 886 υιοι
1008 813 1173 884 Αἰνείου

15 943 150 1000 εκτιοαν,
177 917 222 1000 ὥς
243 944 325 1009 φησι
347 917 550 1007 Κεφάλων
533 944 552 988 o
576 917 760 1006 Γεργίθιος.
805 916 909 998 oritur
931 907 1035 1006 Ωρος.
1077 915 1173 986 sator

15 1016 98 1106 ie']'
77 1021 151 1089 απὸ
175 1020 380 1101 Κάπυος--

86 1127 226 1212 Cephalo
249 1126 431 1209 Gergithius
459 1126 519 1192 hoo
544 1147 607 1190 uno
636 1130 761 1190 tuntum
783 1126 853 1190 loeo
875 1122 1006 1190 affertur
1027 1123 1069 1190 ab
1091 1123 1170 1209 Ety-

14 1226 135 1312 hologo,
160 1227 355 1312 eStephano
377 1225 510 1294 duobus.
543 1227 794 1312 Ethnioographi
817 1227 929 1291 deinde
952 1226 1049 1311 verba
1063 1225 1172 1309 qualia

14 1328 128 1410 explere
150 1334 282 1395 conatus
304 1351 372 1394 suni
394 1330 472 1395 talia
498 1329 645 1413 leguntur
673 1329 760 1414 apud
779 1327 983 1394 'Eustathium
1003 1329 1037 1393 in
1060 1348 1170 1393 comm.

14 1429 42 1493 td
72 1431 167 1498 Dion.
198 1431 278 1497 357:
313 1425 422 1496 καίτοι
449 1429 535 1508 τινὲς
564 1423 636 1496 ἀπὸ
670 1426 808 1508 Κάπυος
843 1434 901 1494 τοῦ
934 1425 1044 1512 Τρωὸς
1074 1423 1172 1516 αὐτὴν

14 1531 178 1596 :uniretur
198 1523 377 1619 ἠθέλησαν.
421 1533 566 1599 Ceterum
588 1532 627 1599 oi.
650 1531 739 1596 Miill.
762 1531 801 1596 ir.
825 1531 879 1595 111
901 1553 933 1615 p.
957 1531 1006 1596 70.
1027 1529 1066 1595 fr.
1090 1530 1118 1596 8.
1140 1533 1169 1596 9.

80 1648 395 1734 Kpoptazogn
380 1648 574 1737 -Κύτωρον
595 1641 707 1735 [οὗτοι
729 1649 766 1716 δὲ
787 1646 904 1728 πόλεις
925 1645 1170 1733 Παφλαγονίας.

13 1751 87 1866 υδὲ
109 1757 153 1841 τῇ
175 1749 321 1838 Κυτώρῳ
341 1749 458 1839 φύεται
489 1751 590 1836 πύξος
621 1750 729 1839 πολλὴ
748 1775 804 1816 και
795 1748 1006 1839 διάφορος]
1052 1747 1084 1816 οὶ
1107 1748 1170 1819 οἰκ.

77 1956 188 2022 Locus
218 1978 257 2022 ex
288 1956 434 2022 uberiore
462 1963 548 2022 uerte
579 1955 699 2022 soholio
728 1956 770 2021 ad
791 1956 852 2039 Ap.
884 1954 943 2020 Rh.
967 1956 997 2036 2,
1020 1957 1084 2022 942
1117 1957 1170 2022 de·

14 2067 139 2142 rmptus
166 2067 229 2138 est,
258 2059 293 2123 id
315 2059 403 2141 quod
424 2057 498 2124 inde
518 2058 616 2124 etiam
638 2056 820 2123 confirmari
841 2056 919 2122 mihi
939 2057 1063 2124 videtur
1083 2059 1169 2141 quod

14 2159 72 2224 iem
95 2163 246 2227 referunt
266 2159 392 2225 Servius
413 2159 453 2224 ad
478 2160 590 2241 Georg.
607 2158 648 2234 11,
663 2159 726 2223 437
750 2163 782 2224 et
797 2157 920 2224 Probus
940 2158 1016 2224 ibid.
1053 2161 1170 2225 Eusta-

13 2263 51 2328 ιίο
75 2263 214 2348 (comm.
228 2263 265 2328 Il.
284 2265 323 2340 Β,
338 2284 365 2325 v.
386 2261 460 2341 856)
483 2260 608 2326 nonnisi
632 2259 810 2344 Stephanus
832 2260 1022 2344 epitomatus
1043 2269 1170 2344 praesto

13 2363 113 2429 detur
137 2365 248 2430 fuisse.

67 2483 290 2568 Κυβέλοια
429 2472 506 2565 ὄρος
537 2474 636 2562 [ἔνθα
668 2483 726 2566 τῆς
755 2474 892 2567 μητρός,
930 2463 988 2566 τῆξ
1021 2478 1170 2567 Κυβέλης

13 2583 67 2670 priv
90 2582 196 2671 ἅγιόν
218 2583 299 2652 ἐστι.
337 2577 548 2665 Ἀλέξανδρος
570 2580 605 2646 δὲ
620 2576 637 2646 ὁ
654 2576 841 2665 πολυίστωρ
857 2579 891 2647 ἐν
905 2586 952 2667 τῷ
967 2579 1044 2666 περὶ
1061 2586 1169 2647 Βιθυ-

13 2711 66 2766 ος·
94 2685 233 2768 ,ἔοικεν
254 2679 310 2754 οὖν
333 2683 465 2772 Κυβέλη
486 2679 558 2750 ἀπὸ
580 2689 640 2751 τοῦ
660 2679 754 2768 ὅρους
775 2684 974 2772 κληθῆναι“]
999 2721 1016 2732 -
1031 2683 1100 2768 ·³⁶)

64 2792 172 2858 Duae
197 2790 395 2873 potissimum
425 2787 574 2870 explendi
606 2787 733 2852 fuerunt
762 2806 894 2862 musas,
926 2785 1063 2869 primum
1085 2785 1169 2849 enirn

13 2893 65 2959 ulo
99 2893 175 2958 nisi
201 2891 264 2957 hoo
288 2889 498 2975 Etymologioi
525 2889 595 2953 loco
618 2887 790 2952 Alexandri
811 2885 1018 2971 Polyhistoris
1040 2886 1168 2951 inicitur

13 2996 120 3074 sntio,
157 2992 272 3060 deinde
295 2992 391 3060 etiam
414 2991 593 3073 Stephanus
620 2989 783 3072 seripturis
805 2989 932 3052 nomine
953 2988 1081 3070 quidem
1103 3010 1167 3053 non

14 3105 96 3175 ato,
124 3117 197 3180 quo
219 3096 252 3159 in
274 3091 550 3159 commemorando
573 3096 710 3155 ceterum
733 3088 852 3154 multus
874 3095 937 3168 est,
968 3090 1034 3155 fere
1057 3090 1165 3154 eadem

13 3219 71 3284 pue
98 3197 319 3280 Etymologus
349 3195 388 3260 de
410 3193 527 3278 Cybelo
554 3198 661 3257 monte
681 3191 787 3255 refert
831 3191 1039 3274 Polyhistoris
1060 3191 1164 3267 verba,

32 3301 70 3364 id
107 3317 247 3382 quoque
276 3296 409 3372 addam,
443 3292 672 3360 confirmantur
701 3291 820 3358 scholio
844 3292 885 3358 ad
906 3293 983 3357 Aen.
1008 3290 1064 3371 111,
1090 3294 1165 3356 111:

18 3401 169 3487 ybeli‚
202 3396 244 3461 id
274 3404 334 3462 est
362 3397 509 3462 montis
535 3394 744 3478 Phrygiae,
776 3394 814 3458 in
840 3413 916 3475 quo
945 3392 1111 3471 colitur,
1145 3413 1165 3458 a

18 3528 39 3570 o
80 3509 131 3568 et
173 3499 317 3584 Cybela
349 3499 458 3564 diota
490 3503 578 3563 est“.
633 3496 755 3561 Deinde
787 3495 872 3577 quod
900 3494 1046 3584 Pisandri
1077 3496 1164 3578 apud

31 3747 72 3813 ⁸⁵)
96 3743 249 3795 Secuntur
260 3740 288 3791 in
299 3739 471 3792 1¹3.M.etium
483 3739 568 3791 verba
586 3737 667 3791 haee:
686 3739 751 3793 ἴσως
768 3734 801 3787 δὲ
818 3735 866 3786 καὶ
883 3731 991 3799 κύβηλις
1010 3729 1025 3785 ὁ
1042 3735 1162 3792 πέλεκυς.

13 3829 115 3888 οὗτοι]
138 3826 259 3892 κυψέλη,
284 3825 487 3894 (οοᾶὰ.κυβέλη)
505 3821 591 3890 ricini]
604 3827 654 3876 τοῦ
666 3819 733 3880 ὠτός
749 3821 889 3890 aalysiae
906 3817 1039 3890 σώματος.
1067 3821 1162 3876 Priora

13 3939 55 3976 rm
79 3915 205 3987 quibus
222 3914 325 3966 securis
342 3913 482 3966 indicatur
498 3912 582 3978 notio,
600 3910 779 3965 inveniuntur
797 3909 879 3962 etiam
897 3909 970 3975 apud
988 3908 1087 3962 Athen.
1111 3910 1160 3962 169

13 4007 153 4080 ychium
180 3999 306 4054 Photium
325 3999 368 4053 ed.
386 3998 456 4053 Nab.
474 4017 501 4068 p.
520 4001 580 4053 355.
598 4015 660 4052 ann.
678 3999 704 4050 6.
722 3996 812 4050 Treta.
831 3994 893 4063 hyr.
915 3997 990 4050 1170.
1026 3995 1101 4063 Quae
1119 4014 1159 4050 ue·

13 4117 61 4152 zur
82 4091 198 4147 redire
209 4087 245 4141 ad
258 4085 390 4140 Soranum
405 4086 512 4140 collutis
526 4081 838 4154 Μο1υ1ἰο[οηω,Α.0.
853 4087 878 4149 9,
893 4082 935 4150 75,
956 4083 999 4154 17]
1013 4083 1158 4152 hesychio,

13 4189 68 4252 tio,
93 4175 208 4240 Suide,
226 4174 278 4228 lex.
296 4174 366 4227 rhet.
385 4183 422 4242 (p.
443 4167 502 4240 276,
520 4175 535 4224 3
555 4172 648 4240 Bekk.)
668 4188 711 4225 ure
729 4172 825 4226 duouit
843 4169 1075 4226 Wilamowitrinr.
