<?xml version="1.0" encoding="UTF-8"?>
<!DOCTYPE html PUBLIC "-//W3C//DTD XHTML 1.0 Transitional//EN"
    "http://www.w3.org/TR/xhtml1/DTD/xhtml1-transitional.dtd">
<html xmlns="http://www.w3.org/1999/xhtml" xml:lang="en" lang="en">
 <head>
  <title>
</title>
<meta http-equiv="Content-Type" content="text/html;charset=utf-8" />
  <meta name='ocr-system' content='tesseract 3.04.00' />
  <meta name='ocr-capabilities' content='ocr_page ocr_carea ocr_par ocr_line ocrx_word'/>
</head>
<body>
  <div class='ocr_page' id='page_1' title='image "./destephanobyzan00geffgoog_0061.png"; bbox 0 0 2748 4714; ppageno 0'>
   <div class='ocr_carea' id='block_1_1' title="bbox 759 183 801 248">
    <p class='ocr_par' dir='ltr' id='par_1_1' title="bbox 759 183 801 248">
     <span class='ocr_line' id='line_1_1' title="bbox 759 183 801 248; baseline 0 0"><span class='ocrx_word' id='word_1_1' title='bbox 759 183 801 248; x_wconf 90' lang='grc'><strong>56</strong></span> 
     </span>
    </p>
   </div>
   <div class='ocr_carea' id='block_1_2' title="bbox 195 351 1372 940">
    <p class='ocr_par' dir='ltr' id='par_1_2' title="bbox 195 351 1372 940">
     <span class='ocr_line' id='line_1_2' title="bbox 196 351 1362 450; baseline -0.009 -16"><span class='ocrx_word' id='word_1_2' title='bbox 196 367 299 434; x_wconf 70' lang='lat' dir='ltr'><strong>sorum</strong></span> <span class='ocrx_word' id='word_1_3' title='bbox 328 368 362 433; x_wconf 74' lang='lat' dir='ltr'><strong>in</strong></span> <span class='ocrx_word' id='word_1_4' title='bbox 393 367 488 434; x_wconf 71' lang='lat' dir='ltr'><strong>renus</strong></span> <span class='ocrx_word' id='word_1_5' title='bbox 504 351 653 432; x_wconf 71' lang='lat' dir='ltr'><strong>&#39;rumen</strong></span> <span class='ocrx_word' id='word_1_6' title='bbox 681 367 735 449; x_wconf 81' lang='grc' dir='ltr'><strong>[α</strong></span> <span class='ocrx_word' id='word_1_7' title='bbox 759 366 974 432; x_wconf 73' lang='lat' dir='ltr'><strong>rreuoenno</strong></span> <span class='ocrx_word' id='word_1_8' title='bbox 1002 363 1288 450; x_wconf 77' lang='lat' dir='ltr'><strong>A1.Polyhistor],</strong></span> <span class='ocrx_word' id='word_1_9' title='bbox 1316 359 1362 424; x_wconf 72' lang='lat' dir='ltr'><strong>so</strong></span> 
     </span>
     <span class='ocr_line' id='line_1_3' title="bbox 195 459 1363 554; baseline -0.007 -21"><span class='ocrx_word' id='word_1_10' title='bbox 195 469 290 534; x_wconf 77' lang='lat' dir='ltr'><strong>etiam</strong></span> <span class='ocrx_word' id='word_1_11' title='bbox 321 469 356 532; x_wconf 92' lang='lat' dir='ltr'><strong>in</strong></span> <span class='ocrx_word' id='word_1_12' title='bbox 377 467 535 554; x_wconf 78' lang='lat' dir='ltr'>Phrygiis,</span> <span class='ocrx_word' id='word_1_13' title='bbox 566 467 684 534; x_wconf 80' lang='lat' dir='ltr'><strong>ciliciis</strong></span> <span class='ocrx_word' id='word_1_14' title='bbox 714 467 769 552; x_wconf 84' lang='lat' dir='ltr'>(of.</span> <span class='ocrx_word' id='word_1_15' title='bbox 789 467 835 532; x_wconf 75' lang='lat' dir='ltr'><strong>St.</strong></span> <span class='ocrx_word' id='word_1_16' title='bbox 859 488 881 531; x_wconf 89' lang='lat' dir='ltr'><strong>s.</strong></span> <span class='ocrx_word' id='word_1_17' title='bbox 904 490 932 532; x_wconf 86' lang='lat' dir='ltr'><strong>v.</strong></span> <span class='ocrx_word' id='word_1_18' title='bbox 955 463 1090 544; x_wconf 80' lang='grc' dir='ltr'><strong><em>Γάλλος.</em></strong></span> <span class='ocrx_word' id='word_1_19' title='bbox 1126 459 1363 550; x_wconf 54' lang='lat' dir='ltr'><strong>apportatas),</strong></span> 
     </span>
     <span class='ocr_line' id='line_1_4' title="bbox 195 563 1365 654; baseline -0.008 -19"><span class='ocrx_word' id='word_1_20' title='bbox 195 570 300 654; x_wconf 83' lang='lat' dir='ltr'><strong>Lyciis</strong></span> <span class='ocrx_word' id='word_1_21' title='bbox 326 569 398 634; x_wconf 85' lang='lat' dir='ltr'><strong>aliis</strong></span> <span class='ocrx_word' id='word_1_22' title='bbox 425 576 572 636; x_wconf 74' lang='lat' dir='ltr'><strong>auctores</strong></span> <span class='ocrx_word' id='word_1_23' title='bbox 605 590 678 635; x_wconf 88' lang='lat' dir='ltr'><strong>suos</strong></span> <span class='ocrx_word' id='word_1_24' title='bbox 707 569 842 636; x_wconf 88' lang='lat' dir='ltr'><strong>eundem</strong></span> <span class='ocrx_word' id='word_1_25' title='bbox 875 570 1087 652; x_wconf 82' lang='lat' dir='ltr'>composuisse</span> <span class='ocrx_word' id='word_1_26' title='bbox 1114 574 1150 632; x_wconf 79' lang='lat' dir='ltr'><strong>et</strong></span> <span class='ocrx_word' id='word_1_27' title='bbox 1184 563 1365 645; x_wconf 70' lang='lat' dir='ltr'>compilasse</span> 
     </span>
     <span class='ocr_line' id='line_1_5' title="bbox 195 663 1367 754; baseline -0.008 -19"><span class='ocrx_word' id='word_1_28' title='bbox 195 671 344 736; x_wconf 84' lang='lat' dir='ltr'><strong>videmus</strong></span> <span class='ocrx_word' id='word_1_29' title='bbox 398 670 457 736; x_wconf 87' lang='lat' dir='ltr'><strong>Per</strong></span> <span class='ocrx_word' id='word_1_30' title='bbox 491 670 706 738; x_wconf 80' lang='lat' dir='ltr'><strong>Alexandrum</strong></span> <span class='ocrx_word' id='word_1_31' title='bbox 739 671 836 754; x_wconf 80' lang='lat' dir='ltr'><strong>igitur</strong></span> <span class='ocrx_word' id='word_1_32' title='bbox 867 669 1028 753; x_wconf 86' lang='lat' dir='ltr'><strong>Apollonii</strong></span> <span class='ocrx_word' id='word_1_33' title='bbox 1060 667 1250 734; x_wconf 78' lang='lat' dir='ltr'><strong>testimonia</strong></span> <span class='ocrx_word' id='word_1_34' title='bbox 1281 663 1367 728; x_wconf 84' lang='lat' dir='ltr'><strong>devo·</strong></span> 
     </span>
     <span class='ocr_line' id='line_1_6' title="bbox 196 765 1372 855; baseline -0.009 -20"><span class='ocrx_word' id='word_1_35' title='bbox 196 777 314 836; x_wconf 77' lang='lat' dir='ltr'><strong>nerunt</strong></span> <span class='ocrx_word' id='word_1_36' title='bbox 334 772 367 836; x_wconf 93' lang='lat' dir='ltr'><strong>in</strong></span> <span class='ocrx_word' id='word_1_37' title='bbox 391 771 586 855; x_wconf 78' lang='lat' dir='ltr'><strong>Stephanum</strong></span> <span class='ocrx_word' id='word_1_38' title='bbox 607 779 706 854; x_wconf 81' lang='lat' dir='ltr'><strong>etque</strong></span> <span class='ocrx_word' id='word_1_39' title='bbox 732 771 841 836; x_wconf 88' lang='lat' dir='ltr'><strong>eadem</strong></span> <span class='ocrx_word' id='word_1_40' title='bbox 864 770 999 836; x_wconf 82' lang='lat' dir='ltr'><strong>fortasse</strong></span> <span class='ocrx_word' id='word_1_41' title='bbox 1017 771 1067 836; x_wconf 82' lang='lat' dir='ltr'><strong>via</strong></span> <span class='ocrx_word' id='word_1_42' title='bbox 1088 767 1273 852; x_wconf 80' lang='lat' dir='ltr'>Theogonis</span> <span class='ocrx_word' id='word_1_43' title='bbox 1293 765 1372 828; x_wconf 90' lang='lat' dir='ltr'><strong>illud</strong></span> 
     </span>
     <span class='ocr_line' id='line_1_7' title="bbox 196 872 653 940; baseline 0.002 -3"><span class='ocrx_word' id='word_1_44' title='bbox 196 872 370 939; x_wconf 82' lang='lat' dir='ltr'><strong>frustulum</strong></span> <span class='ocrx_word' id='word_1_45' title='bbox 392 894 429 940; x_wconf 91' lang='lat' dir='ltr'><strong>eo</strong></span> <span class='ocrx_word' id='word_1_46' title='bbox 450 873 575 940; x_wconf 79' lang='lat' dir='ltr'><strong>illatum</strong></span> <span class='ocrx_word' id='word_1_47' title='bbox 597 878 653 939; x_wconf 75' lang='lat' dir='ltr'><strong>est.</strong></span> 
     </span>
    </p>
   </div>
   <div class='ocr_carea' id='block_1_3' title="bbox 537 1120 1019 1205">
    <p class='ocr_par' dir='ltr' id='par_1_3' title="bbox 537 1120 1019 1205">
     <span class='ocr_line' id='line_1_8' title="bbox 537 1120 1019 1205; baseline -0.002 -18"><span class='ocrx_word' id='word_1_48' title='bbox 537 1122 756 1187; x_wconf 77' lang='lat' dir='ltr'><strong>Alexander</strong></span> <span class='ocrx_word' id='word_1_49' title='bbox 785 1120 1019 1205; x_wconf 80' lang='lat' dir='ltr'><strong>Polyhiator.</strong></span> 
     </span>
    </p>
   </div>
   <div class='ocr_carea' id='block_1_4' title="bbox 197 1250 1373 1844">
    <p class='ocr_par' dir='ltr' id='par_1_4' title="bbox 197 1250 1373 1844">
     <span class='ocr_line' id='line_1_9' title="bbox 282 1250 1372 1343; baseline -0.007 -22"><span class='ocrx_word' id='word_1_50' title='bbox 282 1257 349 1323; x_wconf 87' lang='lat' dir='ltr'><strong>Iam</strong></span> <span class='ocrx_word' id='word_1_51' title='bbox 372 1279 442 1324; x_wconf 88' lang='lat' dir='ltr'><strong>enm</strong></span> <span class='ocrx_word' id='word_1_52' title='bbox 466 1277 627 1343; x_wconf 83' lang='lat' dir='ltr'><strong>perpauca</strong></span> <span class='ocrx_word' id='word_1_53' title='bbox 647 1255 733 1340; x_wconf 90' lang='lat' dir='ltr'><strong>apud</strong></span> <span class='ocrx_word' id='word_1_54' title='bbox 755 1255 949 1340; x_wconf 81' lang='lat' dir='ltr'><strong>Stephanum</strong></span> <span class='ocrx_word' id='word_1_55' title='bbox 972 1261 1081 1320; x_wconf 78' lang='lat' dir='ltr'><strong>extare</strong></span> <span class='ocrx_word' id='word_1_56' title='bbox 1102 1251 1272 1338; x_wconf 85' lang='lat' dir='ltr'><strong>Apollonii</strong></span> <span class='ocrx_word' id='word_1_57' title='bbox 1292 1250 1372 1330; x_wconf 83' lang='lat' dir='ltr'><strong>frag-</strong></span> 
     </span>
     <span class='ocr_line' id='line_1_10' title="bbox 198 1352 1371 1441; baseline -0.001 -19"><span class='ocrx_word' id='word_1_58' title='bbox 198 1364 322 1437; x_wconf 78' lang='lat' dir='ltr'><strong>menta,</strong></span> <span class='ocrx_word' id='word_1_59' title='bbox 348 1358 462 1440; x_wconf 87' lang='lat' dir='ltr'><strong>quihus</strong></span> <span class='ocrx_word' id='word_1_60' title='bbox 484 1359 647 1441; x_wconf 81' lang='lat' dir='ltr'><strong>scriptoris</strong></span> <span class='ocrx_word' id='word_1_61' title='bbox 676 1376 791 1422; x_wconf 91' lang='lat' dir='ltr'><strong>nomen</strong></span> <span class='ocrx_word' id='word_1_62' title='bbox 813 1357 990 1440; x_wconf 80' lang='lat' dir='ltr'><strong>praefixum</strong></span> <span class='ocrx_word' id='word_1_63' title='bbox 1012 1363 1095 1435; x_wconf 80' lang='lat' dir='ltr'><strong>erat,</strong></span> <span class='ocrx_word' id='word_1_64' title='bbox 1123 1352 1371 1438; x_wconf 74' lang='lat' dir='ltr'><strong>cognoverimus,</strong></span> 
     </span>
     <span class='ocr_line' id='line_1_11' title="bbox 197 1449 1373 1540; baseline -0.009 -18"><span class='ocrx_word' id='word_1_65' title='bbox 197 1458 281 1523; x_wconf 89' lang='lat' dir='ltr'><strong>idem</strong></span> <span class='ocrx_word' id='word_1_66' title='bbox 311 1457 394 1523; x_wconf 82' lang='lat' dir='ltr'><strong>valet</strong></span> <span class='ocrx_word' id='word_1_67' title='bbox 420 1458 459 1523; x_wconf 89' lang='lat' dir='ltr'><strong>de</strong></span> <span class='ocrx_word' id='word_1_68' title='bbox 481 1459 654 1524; x_wconf 79' lang='lat' dir='ltr'><strong>Alexandri</strong></span> <span class='ocrx_word' id='word_1_69' title='bbox 684 1459 817 1523; x_wconf 89' lang='lat' dir='ltr'><strong>duorum</strong></span> <span class='ocrx_word' id='word_1_70' title='bbox 851 1457 1003 1524; x_wconf 91' lang='lat' dir='ltr'><strong>librorum</strong></span> <span class='ocrx_word' id='word_1_71' title='bbox 1033 1457 1199 1540; x_wconf 87' lang='lat' dir='ltr'><strong>reliquiis,</strong></span> <span class='ocrx_word' id='word_1_72' title='bbox 1233 1453 1316 1518; x_wconf 87' lang='lat' dir='ltr'><strong>unde</strong></span> <span class='ocrx_word' id='word_1_73' title='bbox 1338 1449 1373 1511; x_wconf 55' lang='lat' dir='ltr'><strong>d&gt;</strong></span> 
     </span>
     <span class='ocr_line' id='line_1_12' title="bbox 198 1554 1371 1643; baseline -0.008 -20"><span class='ocrx_word' id='word_1_74' title='bbox 198 1560 296 1624; x_wconf 78' lang='lat' dir='ltr'><strong>totins</strong></span> <span class='ocrx_word' id='word_1_75' title='bbox 325 1559 428 1643; x_wconf 88' lang='lat' dir='ltr'><strong>operis</strong></span> <span class='ocrx_word' id='word_1_76' title='bbox 457 1560 590 1636; x_wconf 77' lang='lat' dir='ltr'><strong>ratione,</strong></span> <span class='ocrx_word' id='word_1_77' title='bbox 624 1559 743 1637; x_wconf 89' lang='lat' dir='ltr'><strong>ordine,</strong></span> <span class='ocrx_word' id='word_1_78' title='bbox 772 1558 904 1624; x_wconf 88' lang='lat' dir='ltr'><strong>oonsilio</strong></span> <span class='ocrx_word' id='word_1_79' title='bbox 933 1559 1014 1624; x_wconf 92' lang='lat' dir='ltr'><strong>nihil</strong></span> <span class='ocrx_word' id='word_1_80' title='bbox 1044 1559 1220 1623; x_wconf 86' lang='lat' dir='ltr'><strong>lucramur.</strong></span> <span class='ocrx_word' id='word_1_81' title='bbox 1267 1554 1371 1634; x_wconf 82' lang='lat' dir='ltr'><strong>Itaque</strong></span> 
     </span>
     <span class='ocr_line' id='line_1_13' title="bbox 199 1653 1372 1744; baseline -0.009 -20"><span class='ocrx_word' id='word_1_82' title='bbox 199 1659 239 1724; x_wconf 90' lang='lat' dir='ltr'><strong>ad</strong></span> <span class='ocrx_word' id='word_1_83' title='bbox 262 1660 438 1744; x_wconf 75' lang='lat' dir='ltr'><strong>fragmenta</strong></span> <span class='ocrx_word' id='word_1_84' title='bbox 466 1662 538 1743; x_wconf 81' lang='lat' dir='ltr'><strong>ipse</strong></span> <span class='ocrx_word' id='word_1_85' title='bbox 564 1660 628 1724; x_wconf 89' lang='lat' dir='ltr'><strong>iam</strong></span> <span class='ocrx_word' id='word_1_86' title='bbox 650 1681 700 1726; x_wconf 90' lang='lat' dir='ltr'><strong>me</strong></span> <span class='ocrx_word' id='word_1_87' title='bbox 721 1666 917 1738; x_wconf 72' lang='lat' dir='ltr'><strong>convertam,</strong></span> <span class='ocrx_word' id='word_1_88' title='bbox 948 1680 1031 1742; x_wconf 88' lang='lat' dir='ltr'><strong>quae</strong></span> <span class='ocrx_word' id='word_1_89' title='bbox 1056 1659 1172 1744; x_wconf 87' lang='lat' dir='ltr'><strong>paullo</strong></span> <span class='ocrx_word' id='word_1_90' title='bbox 1197 1653 1372 1722; x_wconf 81' lang='lat' dir='ltr'>accuratius</span> 
     </span>
     <span class='ocr_line' id='line_1_14' title="bbox 199 1759 501 1844; baseline 0.01 -20"><span class='ocrx_word' id='word_1_91' title='bbox 199 1759 398 1844; x_wconf 88' lang='lat' dir='ltr'><strong>inspicienda</strong></span> <span class='ocrx_word' id='word_1_92' title='bbox 419 1766 501 1828; x_wconf 83' lang='lat' dir='ltr'><strong>aunt.</strong></span> 
     </span>
    </p>
   </div>
   <div class='ocr_carea' id='block_1_5' title="bbox 547 1929 973 2014">
    <p class='ocr_par' dir='ltr' id='par_1_5' title="bbox 547 1929 973 2014">
     <span class='ocr_line' id='line_1_15' title="bbox 547 1929 973 2014; baseline -0.002 -19"><span class='ocrx_word' id='word_1_93' title='bbox 547 1936 549 1946; x_wconf 64' lang='grc'>’</span> <span class='ocrx_word' id='word_1_94' title='bbox 598 1929 667 1995; x_wconf 78' lang='lat' dir='ltr'><strong>nn.</strong></span> <span class='ocrx_word' id='word_1_95' title='bbox 689 1929 714 1995; x_wconf 93' lang='lat'><strong>1.</strong></span> <span class='ocrx_word' id='word_1_96' title='bbox 746 1929 891 2014; x_wconf 71' lang='lat' dir='ltr'><strong>(neuen</strong></span> <span class='ocrx_word' id='word_1_97' title='bbox 907 1931 973 2014; x_wconf 76' lang='lat' dir='ltr'>ss.)</span> 
     </span>
    </p>
   </div>
   <div class='ocr_carea' id='block_1_6' title="bbox 200 2041 1366 2338">
    <p class='ocr_par' dir='ltr' id='par_1_6' title="bbox 200 2041 1366 2338">
     <span class='ocr_line' id='line_1_16' title="bbox 287 2041 1366 2132; baseline -0.008 -21"><span class='ocrx_word' id='word_1_98' title='bbox 287 2047 399 2130; x_wconf 82' lang='lat' dir='ltr'><strong>[schol.</strong></span> <span class='ocrx_word' id='word_1_99' title='bbox 422 2049 482 2132; x_wconf 83' lang='lat' dir='ltr'><strong>Ap.</strong></span> <span class='ocrx_word' id='word_1_100' title='bbox 504 2048 565 2113; x_wconf 92' lang='lat' dir='ltr'><strong>Rh.</strong></span> <span class='ocrx_word' id='word_1_101' title='bbox 592 2054 618 2126; x_wconf 90' lang='lat' dir='ltr'><strong>l,</strong></span> <span class='ocrx_word' id='word_1_102' title='bbox 640 2049 712 2114; x_wconf 82' lang='lat'>551.</span> <span class='ocrx_word' id='word_1_103' title='bbox 750 2041 942 2129; x_wconf 76' lang='grc' dir='ltr'><strong><em>Ἀρμενίδας</em></strong></span> <span class='ocrx_word' id='word_1_104' title='bbox 970 2045 1007 2113; x_wconf 80' lang='grc' dir='ltr'><strong>δὲ</strong></span> <span class='ocrx_word' id='word_1_105' title='bbox 1035 2045 1069 2110; x_wconf 81' lang='grc' dir='ltr'><strong>ἐν</strong></span> <span class='ocrx_word' id='word_1_106' title='bbox 1096 2050 1171 2124; x_wconf 77' lang='grc' dir='ltr'><strong><em>ταῖς</em></strong></span> <span class='ocrx_word' id='word_1_107' title='bbox 1198 2042 1366 2131; x_wconf 71' lang='grc' dir='ltr'><strong><em>Θηβαὶνοῖς</em></strong></span> 
     </span>
     <span class='ocr_line' id='line_1_17' title="bbox 200 2139 1363 2236; baseline -0.003 -24"><span class='ocrx_word' id='word_1_108' title='bbox 200 2141 439 2234; x_wconf 76' lang='grc' dir='ltr'><strong><em>Ἀμφικτυόνος</em></strong></span> <span class='ocrx_word' id='word_1_109' title='bbox 465 2143 537 2213; x_wconf 75' lang='grc' dir='ltr'><strong><em>υἱόν</em></strong></span> <span class='ocrx_word' id='word_1_110' title='bbox 556 2139 691 2215; x_wconf 77' lang='grc' dir='ltr'><strong><em>’Ίτωνον</em></strong></span> <span class='ocrx_word' id='word_1_111' title='bbox 719 2143 753 2213; x_wconf 74' lang='grc' dir='ltr'><strong>ἓν</strong></span> <span class='ocrx_word' id='word_1_112' title='bbox 779 2145 947 2236; x_wconf 80' lang='grc' dir='ltr'><strong><em>Θεσσαλίᾳ</em></strong></span> <span class='ocrx_word' id='word_1_113' title='bbox 968 2153 1164 2235; x_wconf 73' lang='grc' dir='ltr'><strong><em>γεννηθῆναι</em></strong></span> <span class='ocrx_word' id='word_1_114' title='bbox 1189 2145 1247 2212; x_wconf 84' lang='grc' dir='ltr'><strong>καὶ</strong></span> <span class='ocrx_word' id='word_1_115' title='bbox 1269 2140 1363 2209; x_wconf 70' lang='grc' dir='ltr'><strong>Ἀλέ-</strong></span> 
     </span>
     <span class='ocr_line' id='line_1_18' title="bbox 200 2241 1206 2338; baseline 0.004 -25"><span class='ocrx_word' id='word_1_116' title='bbox 200 2247 367 2338; x_wconf 13' lang='grc' dir='ltr'><strong><em>ξανδγρος</em></strong></span> <span class='ocrx_word' id='word_1_117' title='bbox 389 2246 423 2314; x_wconf 77' lang='grc' dir='ltr'><strong>ἐν</strong></span> <span class='ocrx_word' id='word_1_118' title='bbox 444 2250 493 2335; x_wconf 75' lang='grc' dir='ltr'><strong>τῷ</strong></span> <span class='ocrx_word' id='word_1_119' title='bbox 514 2255 536 2313; x_wconf 80' lang='lat' dir='ltr'><strong>d</strong></span> <span class='ocrx_word' id='word_1_120' title='bbox 556 2251 624 2314; x_wconf 81' lang='grc' dir='ltr'><strong>τῶν</strong></span> <span class='ocrx_word' id='word_1_121' title='bbox 645 2253 799 2333; x_wconf 77' lang='grc' dir='ltr'><strong><em>Καρικῶν</em></strong></span> <span class='ocrx_word' id='word_1_122' title='bbox 808 2250 854 2334; x_wconf 72' lang='lat' dir='ltr'><strong>(l)</strong></span> <span class='ocrx_word' id='word_1_123' title='bbox 877 2241 1120 2336; x_wconf 74' lang='grc' dir='ltr'><strong><em>ὑπομνημάτων</em></strong></span> <span class='ocrx_word' id='word_1_124' title='bbox 1132 2253 1206 2338; x_wconf 74' lang='grc'><strong>97)].</strong></span> 
     </span>
    </p>
   </div>
   <div class='ocr_carea' id='block_1_7' title="bbox 287 2402 1359 2608">
    <p class='ocr_par' dir='ltr' id='par_1_7' title="bbox 287 2402 1359 2608">
     <span class='ocr_line' id='line_1_19' title="bbox 684 2402 1009 2468; baseline -0.031 0"><span class='ocrx_word' id='word_1_125' title='bbox 684 2405 711 2468; x_wconf 93' lang='grc'><strong>1.</strong></span> <span class='ocrx_word' id='word_1_126' title='bbox 760 2402 803 2468; x_wconf 89' lang='grc' dir='ltr'><strong>Μ.</strong></span> <span class='ocrx_word' id='word_1_127' title='bbox 827 2403 879 2467; x_wconf 86' lang='grc'><strong>54.</strong></span> <span class='ocrx_word' id='word_1_128' title='bbox 1007 2454 1009 2458; x_wconf 37' lang='grc'><strong>.</strong></span> 
     </span>
     <span class='ocr_line' id='line_1_20' title="bbox 287 2403 1359 2608; baseline -0.013 -22"><span class='ocrx_word' id='word_1_129' title='bbox 287 2520 392 2604; x_wconf 81' lang='lat' dir='ltr'><strong>Steph.</strong></span> <span class='ocrx_word' id='word_1_130' title='bbox 427 2517 632 2603; x_wconf 76' lang='grc' dir='ltr'><strong><em>Καρόπολις,</em></strong></span> <span class='ocrx_word' id='word_1_131' title='bbox 665 2403 765 2599; x_wconf 56' lang='lat' dir='ltr'><strong>rediri·</strong></span> <span class='ocrx_word' id='word_1_132' title='bbox 795 2405 929 2606; x_wconf 74' lang='lat' dir='ltr'><strong>Kopr&#39;irg.</strong></span> <span class='ocrx_word' id='word_1_133' title='bbox 973 2514 1188 2608; x_wconf 76' lang='grc' dir='ltr'><strong><em>Ἀλέξανδρος</em></strong></span> <span class='ocrx_word' id='word_1_134' title='bbox 1223 2513 1359 2602; x_wconf 80' lang='grc' dir='ltr'><strong><em>Καρικῶν</em></strong></span> 
     </span>
    </p>
   </div>
   <div class='ocr_carea' id='block_1_8' title="bbox 203 2616 333 2707">
    <p class='ocr_par' dir='ltr' id='par_1_8' title="bbox 203 2616 333 2707">
     <span class='ocr_line' id='line_1_21' title="bbox 203 2616 333 2707; baseline 0.008 -1"><span class='ocrx_word' id='word_1_135' title='bbox 203 2616 333 2707; x_wconf 61' lang='lat' dir='ltr'><strong>weho</strong></span> 
     </span>
    </p>
   </div>
   <div class='ocr_carea' id='block_1_9' title="bbox 203 2721 1361 2907">
    <p class='ocr_par' dir='ltr' id='par_1_9' title="bbox 203 2721 1361 2907">
     <span class='ocr_line' id='line_1_22' title="bbox 287 2721 1361 2806; baseline -0.005 -20"><span class='ocrx_word' id='word_1_136' title='bbox 287 2721 374 2787; x_wconf 90' lang='lat' dir='ltr'><strong>Nihil</strong></span> <span class='ocrx_word' id='word_1_137' title='bbox 402 2721 443 2786; x_wconf 89' lang='lat' dir='ltr'><strong>de</strong></span> <span class='ocrx_word' id='word_1_138' title='bbox 470 2722 531 2787; x_wconf 91' lang='lat' dir='ltr'><strong>hoo</strong></span> <span class='ocrx_word' id='word_1_139' title='bbox 560 2723 677 2806; x_wconf 90' lang='lat' dir='ltr'><strong>oppido</strong></span> <span class='ocrx_word' id='word_1_140' title='bbox 705 2727 845 2800; x_wconf 79' lang='lat' dir='ltr'><strong>constal,</strong></span> <span class='ocrx_word' id='word_1_141' title='bbox 876 2743 984 2788; x_wconf 86' lang='lat' dir='ltr'><strong>verum</strong></span> <span class='ocrx_word' id='word_1_142' title='bbox 1008 2725 1131 2789; x_wconf 83' lang='lat' dir='ltr'><strong>videtur</strong></span> <span class='ocrx_word' id='word_1_143' title='bbox 1158 2747 1179 2790; x_wconf 89' lang='lat' dir='ltr'><strong>a</strong></span> <span class='ocrx_word' id='word_1_144' title='bbox 1203 2725 1283 2790; x_wconf 85' lang='lat' dir='ltr'><strong>Care</strong></span> <span class='ocrx_word' id='word_1_145' title='bbox 1300 2733 1361 2796; x_wconf 78' lang='lat' dir='ltr'><strong>rege</strong></span> 
     </span>
     <span class='ocr_line' id='line_1_23' title="bbox 203 2822 957 2907; baseline 0.001 -19"><span class='ocrx_word' id='word_1_146' title='bbox 203 2822 286 2889; x_wconf 90' lang='lat' dir='ltr'><strong>hand</strong></span> <span class='ocrx_word' id='word_1_147' title='bbox 311 2842 385 2889; x_wconf 87' lang='lat' dir='ltr'><strong>raro</strong></span> <span class='ocrx_word' id='word_1_148' title='bbox 405 2823 469 2888; x_wconf 88' lang='lat' dir='ltr'><strong>iam</strong></span> <span class='ocrx_word' id='word_1_149' title='bbox 492 2830 675 2907; x_wconf 80' lang='lat' dir='ltr'><strong>nuncupato</strong></span> <span class='ocrx_word' id='word_1_150' title='bbox 697 2824 857 2889; x_wconf 80' lang='lat' dir='ltr'><strong>eonditum</strong></span> <span class='ocrx_word' id='word_1_151' title='bbox 881 2845 957 2890; x_wconf 80' lang='lat' dir='ltr'><strong>esse.</strong></span> 
     </span>
    </p>
   </div>
   <div class='ocr_carea' id='block_1_10' title="bbox 200 3068 1360 4188">
    <p class='ocr_par' dir='ltr' id='par_1_10' title="bbox 200 3068 1360 4188">
     <span class='ocr_line' id='line_1_24' title="bbox 271 3068 1360 3149; baseline -0.006 -14"><span class='ocrx_word' id='word_1_152' title='bbox 271 3079 305 3149; x_wconf 81' lang='lat'><strong>⁹⁷)</strong></span> <span class='ocrx_word' id='word_1_153' title='bbox 324 3081 427 3135; x_wconf 88' lang='lat' dir='ltr'><strong>Looum</strong></span> <span class='ocrx_word' id='word_1_154' title='bbox 450 3078 527 3134; x_wconf 82' lang='lat' dir='ltr'><strong>aneia</strong></span> <span class='ocrx_word' id='word_1_155' title='bbox 550 3079 658 3145; x_wconf 83' lang='lat' dir='ltr'><strong>iueluai,</strong></span> <span class='ocrx_word' id='word_1_156' title='bbox 683 3077 766 3132; x_wconf 90' lang='lat' dir='ltr'><strong>valde</strong></span> <span class='ocrx_word' id='word_1_157' title='bbox 789 3078 889 3134; x_wconf 86' lang='lat' dir='ltr'><strong>dubius</strong></span> <span class='ocrx_word' id='word_1_158' title='bbox 912 3097 976 3132; x_wconf 92' lang='lat' dir='ltr'><strong>num</strong></span> <span class='ocrx_word' id='word_1_159' title='bbox 1003 3098 1066 3134; x_wconf 89' lang='lat' dir='ltr'><strong>oum</strong></span> <span class='ocrx_word' id='word_1_160' title='bbox 1083 3081 1204 3136; x_wconf 82' lang='lat' dir='ltr'><strong>Miillero</strong></span> <span class='ocrx_word' id='word_1_161' title='bbox 1222 3081 1252 3135; x_wconf 94' lang='lat' dir='ltr'><strong>in</strong></span> <span class='ocrx_word' id='word_1_162' title='bbox 1271 3068 1360 3130; x_wconf 69' lang='lat' dir='ltr'><strong>Coriclfl</strong></span> 
     </span>
     <span class='ocr_line' id='line_1_25' title="bbox 202 3151 1357 3224; baseline -0.006 -3"><span class='ocrx_word' id='word_1_163' title='bbox 202 3167 325 3221; x_wconf 73' lang='lat' dir='ltr'><strong>historiis</strong></span> <span class='ocrx_word' id='word_1_164' title='bbox 351 3184 410 3221; x_wconf 87' lang='lat' dir='ltr'><strong>rem</strong></span> <span class='ocrx_word' id='word_1_165' title='bbox 434 3169 572 3220; x_wconf 73' lang='lat' dir='ltr'><strong>narratam</strong></span> <span class='ocrx_word' id='word_1_166' title='bbox 596 3164 679 3218; x_wconf 85' lang='lat' dir='ltr'><strong>inisse</strong></span> <span class='ocrx_word' id='word_1_167' title='bbox 697 3169 854 3219; x_wconf 75' lang='lat' dir='ltr'><strong>statuerem.</strong></span> <span class='ocrx_word' id='word_1_168' title='bbox 890 3166 983 3222; x_wconf 80' lang='lat' dir='ltr'><strong>Codex</strong></span> <span class='ocrx_word' id='word_1_169' title='bbox 1005 3167 1079 3220; x_wconf 88' lang='lat' dir='ltr'><strong>enim</strong></span> <span class='ocrx_word' id='word_1_170' title='bbox 1099 3167 1303 3224; x_wconf 80' lang='lat' dir='ltr'><strong>Laurentianus,</strong></span> <span class='ocrx_word' id='word_1_171' title='bbox 1321 3151 1357 3208; x_wconf 77' lang='lat' dir='ltr'><strong>⁰11i</strong></span> 
     </span>
     <span class='ocr_line' id='line_1_26' title="bbox 201 3241 1358 3323; baseline -0.006 -15"><span class='ocrx_word' id='word_1_172' title='bbox 201 3255 250 3309; x_wconf 90' lang='lat' dir='ltr'><strong>uni</strong></span> <span class='ocrx_word' id='word_1_173' title='bbox 274 3252 341 3307; x_wconf 78' lang='lat' dir='ltr'><strong>fides</strong></span> <span class='ocrx_word' id='word_1_174' title='bbox 368 3253 495 3308; x_wconf 85' lang='lat' dir='ltr'><strong>habenda</strong></span> <span class='ocrx_word' id='word_1_175' title='bbox 518 3257 567 3318; x_wconf 80' lang='lat' dir='ltr'><strong>eat,</strong></span> <span class='ocrx_word' id='word_1_176' title='bbox 594 3251 752 3305; x_wconf 75' lang='lat' dir='ltr'><strong>hebetudo</strong></span> <span class='ocrx_word' id='word_1_177' title='bbox 769 3255 905 3320; x_wconf 81' lang='grc' dir='ltr'><strong><em>Κορίννης</em></strong></span> <span class='ocrx_word' id='word_1_178' title='bbox 923 3248 1137 3323; x_wconf 77' lang='grc' dir='ltr'><strong><em>ὑπομνημάτων,</em></strong></span> <span class='ocrx_word' id='word_1_179' title='bbox 1164 3254 1294 3308; x_wconf 82' lang='lat' dir='ltr'><strong>scholium</strong></span> <span class='ocrx_word' id='word_1_180' title='bbox 1311 3241 1358 3296; x_wconf 76' lang='lat' dir='ltr'><strong>edi·</strong></span> 
     </span>
     <span class='ocr_line' id='line_1_27' title="bbox 201 3325 1357 3411; baseline -0.003 -17"><span class='ocrx_word' id='word_1_181' title='bbox 201 3341 283 3394; x_wconf 83' lang='lat' dir='ltr'><strong>tionis</strong></span> <span class='ocrx_word' id='word_1_182' title='bbox 306 3339 378 3394; x_wconf 87' lang='lat' dir='ltr'><strong>Flor.</strong></span> <span class='ocrx_word' id='word_1_183' title='bbox 401 3343 537 3411; x_wconf 77' lang='grc' dir='ltr'><strong>Καρικῶν.</strong></span> <span class='ocrx_word' id='word_1_184' title='bbox 578 3338 632 3393; x_wconf 77' lang='lat' dir='ltr'><strong>vix</strong></span> <span class='ocrx_word' id='word_1_185' title='bbox 661 3342 755 3392; x_wconf 79' lang='lat' dir='ltr'><strong>autem</strong></span> <span class='ocrx_word' id='word_1_186' title='bbox 787 3339 925 3408; x_wconf 87' lang='lat' dir='ltr'><strong>explorari</strong></span> <span class='ocrx_word' id='word_1_187' title='bbox 957 3343 1055 3408; x_wconf 78' lang='lat' dir='ltr'><strong>potest,</strong></span> <span class='ocrx_word' id='word_1_188' title='bbox 1085 3357 1139 3409; x_wconf 86' lang='lat' dir='ltr'><strong>qua</strong></span> <span class='ocrx_word' id='word_1_189' title='bbox 1167 3343 1273 3394; x_wconf 76' lang='lat' dir='ltr'><strong>ratione</strong></span> <span class='ocrx_word' id='word_1_190' title='bbox 1296 3325 1357 3385; x_wconf 68' lang='lat' dir='ltr'><strong>lloffl&#39;</strong></span> 
     </span>
     <span class='ocr_line' id='line_1_28' title="bbox 202 3418 1354 3496; baseline -0.004 -16"><span class='ocrx_word' id='word_1_191' title='bbox 202 3426 366 3496; x_wconf 82' lang='lat' dir='ltr'><strong>genealogia</strong></span> <span class='ocrx_word' id='word_1_192' title='bbox 378 3427 406 3479; x_wconf 91' lang='lat' dir='ltr'><strong>in</strong></span> <span class='ocrx_word' id='word_1_193' title='bbox 418 3427 502 3480; x_wconf 86' lang='lat' dir='ltr'><strong>rebus</strong></span> <span class='ocrx_word' id='word_1_194' title='bbox 515 3426 616 3482; x_wconf 82' lang='lat' dir='ltr'><strong>Carinis</strong></span> <span class='ocrx_word' id='word_1_195' title='bbox 629 3425 720 3479; x_wconf 90' lang='lat' dir='ltr'><strong>looum</strong></span> <span class='ocrx_word' id='word_1_196' title='bbox 733 3424 835 3478; x_wconf 86' lang='lat' dir='ltr'><strong>habere</strong></span> <span class='ocrx_word' id='word_1_197' title='bbox 846 3425 975 3495; x_wconf 77' lang='lat' dir='ltr'><strong>potuerit.</strong></span> <span class='ocrx_word' id='word_1_198' title='bbox 1011 3425 1245 3482; x_wconf 81' lang='lat' dir='ltr'><strong>Commemoratur</strong></span> <span class='ocrx_word' id='word_1_199' title='bbox 1261 3418 1354 3492; x_wconf 76' lang='lat' dir='ltr'><strong>quidem</strong></span> 
     </span>
     <span class='ocr_line' id='line_1_29' title="bbox 202 3504 1357 3582; baseline -0.012 -15"><span class='ocrx_word' id='word_1_200' title='bbox 202 3513 276 3582; x_wconf 87' lang='lat' dir='ltr'><strong>apud</strong></span> <span class='ocrx_word' id='word_1_201' title='bbox 299 3513 468 3582; x_wconf 73' lang='lat' dir='ltr'><strong>Stephanum</strong></span> <span class='ocrx_word' id='word_1_202' title='bbox 492 3531 513 3567; x_wconf 82' lang='lat' dir='ltr'><strong>a.</strong></span> <span class='ocrx_word' id='word_1_203' title='bbox 537 3533 561 3567; x_wconf 89' lang='lat' dir='ltr'><strong>v.</strong></span> <span class='ocrx_word' id='word_1_204' title='bbox 591 3507 669 3563; x_wconf 77' lang='grc' dir='ltr'><strong><em>Ἴτων</em></strong></span> <span class='ocrx_word' id='word_1_205' title='bbox 693 3511 798 3579; x_wconf 84' lang='lat' dir='ltr'><strong>Lydiae</strong></span> <span class='ocrx_word' id='word_1_206' title='bbox 820 3512 952 3581; x_wconf 87' lang='lat' dir='ltr'><strong>oppidum</strong></span> <span class='ocrx_word' id='word_1_207' title='bbox 985 3507 1083 3580; x_wconf 72' lang='grc' dir='ltr'><strong><em>Ἰτώνη,</em></strong></span> <span class='ocrx_word' id='word_1_208' title='bbox 1112 3514 1216 3568; x_wconf 76' lang='lat' dir='ltr'><strong>dieitur</strong></span> <span class='ocrx_word' id='word_1_209' title='bbox 1243 3504 1357 3566; x_wconf 79' lang='lat' dir='ltr'><strong>Herculeo</strong></span> 
     </span>
     <span class='ocr_line' id='line_1_30' title="bbox 202 3593 1354 3669; baseline -0.004 -15"><span class='ocrx_word' id='word_1_210' title='bbox 202 3599 275 3669; x_wconf 89' lang='lat' dir='ltr'><strong>apud</strong></span> <span class='ocrx_word' id='word_1_211' title='bbox 288 3599 368 3653; x_wconf 90' lang='lat' dir='ltr'><strong>Diod.</strong></span> <span class='ocrx_word' id='word_1_212' title='bbox 380 3601 426 3667; x_wconf 88' lang='lat' dir='ltr'><strong>IV,</strong></span> <span class='ocrx_word' id='word_1_213' title='bbox 446 3604 489 3667; x_wconf 82' lang='lat'><strong>31,</strong></span> <span class='ocrx_word' id='word_1_214' title='bbox 509 3600 523 3655; x_wconf 83' lang='lat' dir='ltr'><strong>l</strong></span> <span class='ocrx_word' id='word_1_215' title='bbox 543 3602 684 3656; x_wconf 80' lang='lat' dir='ltr'><strong>Itonorum</strong></span> <span class='ocrx_word' id='word_1_216' title='bbox 696 3598 835 3652; x_wconf 78' lang='lat' dir='ltr'><strong>latronum</strong></span> <span class='ocrx_word' id='word_1_217' title='bbox 847 3598 977 3668; x_wconf 87' lang='lat' dir='ltr'><strong>oppidum</strong></span> <span class='ocrx_word' id='word_1_218' title='bbox 993 3597 1141 3669; x_wconf 82' lang='lat' dir='ltr'><strong>Omphales</strong></span> <span class='ocrx_word' id='word_1_219' title='bbox 1153 3601 1229 3655; x_wconf 78' lang='lat' dir='ltr'><strong>iussu</strong></span> <span class='ocrx_word' id='word_1_220' title='bbox 1246 3593 1354 3654; x_wconf 63' lang='lat' dir='ltr'><strong>diruisse·</strong></span> 
     </span>
     <span class='ocr_line' id='line_1_31' title="bbox 200 3681 1355 3757; baseline -0.003 -17"><span class='ocrx_word' id='word_1_221' title='bbox 200 3686 249 3741; x_wconf 84' lang='lat' dir='ltr'><strong>sed</strong></span> <span class='ocrx_word' id='word_1_222' title='bbox 271 3684 323 3739; x_wconf 90' lang='lat' dir='ltr'><strong>hoe</strong></span> <span class='ocrx_word' id='word_1_223' title='bbox 344 3685 435 3754; x_wconf 85' lang='lat' dir='ltr'><strong>ipsum</strong></span> <span class='ocrx_word' id='word_1_224' title='bbox 456 3688 588 3757; x_wconf 89' lang='lat' dir='ltr'><strong>oppidum</strong></span> <span class='ocrx_word' id='word_1_225' title='bbox 610 3687 723 3752; x_wconf 79' lang='lat' dir='ltr'><strong>eiusque</strong></span> <span class='ocrx_word' id='word_1_226' title='bbox 747 3684 917 3738; x_wconf 78' lang='lat' dir='ltr'><strong>eonditorem</strong></span> <span class='ocrx_word' id='word_1_227' title='bbox 939 3685 975 3738; x_wconf 87' lang='lat' dir='ltr'><strong>ab</strong></span> <span class='ocrx_word' id='word_1_228' title='bbox 1006 3685 1166 3741; x_wconf 88' lang='lat' dir='ltr'><strong>Alexandro</strong></span> <span class='ocrx_word' id='word_1_229' title='bbox 1189 3681 1355 3756; x_wconf 71' lang='lat' dir='ltr'><strong>rignifietum</strong></span> 
     </span>
     <span class='ocr_line' id='line_1_32' title="bbox 205 3763 1352 3842; baseline -0.013 -14"><span class='ocrx_word' id='word_1_230' title='bbox 205 3773 289 3828; x_wconf 80' lang='lat' dir='ltr'><strong>luisse</strong></span> <span class='ocrx_word' id='word_1_231' title='bbox 301 3770 414 3840; x_wconf 82' lang='lat' dir='ltr'><strong>probari</strong></span> <span class='ocrx_word' id='word_1_232' title='bbox 426 3774 531 3842; x_wconf 79' lang='lat' dir='ltr'><strong>nequit.</strong></span> <span class='ocrx_word' id='word_1_233' title='bbox 568 3774 606 3826; x_wconf 80' lang='lat' dir='ltr'><strong>At</strong></span> <span class='ocrx_word' id='word_1_234' title='bbox 617 3775 729 3827; x_wconf 78' lang='lat' dir='ltr'><strong>resonat</strong></span> <span class='ocrx_word' id='word_1_235' title='bbox 740 3787 790 3824; x_wconf 82' lang='lat' dir='ltr'><strong>noa</strong></span> <span class='ocrx_word' id='word_1_236' title='bbox 802 3771 892 3824; x_wconf 84' lang='lat' dir='ltr'><strong>Meas</strong></span> <span class='ocrx_word' id='word_1_237' title='bbox 901 3772 969 3828; x_wconf 87' lang='lat' dir='ltr'><strong>sius</strong></span> <span class='ocrx_word' id='word_1_238' title='bbox 989 3773 1041 3842; x_wconf 87' lang='lat' dir='ltr'><strong>[De</strong></span> <span class='ocrx_word' id='word_1_239' title='bbox 1052 3773 1217 3842; x_wconf 83' lang='lat' dir='ltr'><strong>Sibyllarum</strong></span> <span class='ocrx_word' id='word_1_240' title='bbox 1235 3763 1352 3827; x_wconf 79' lang='lat' dir='ltr'><strong>indicibus</strong></span> 
     </span>
     <span class='ocr_line' id='line_1_33' title="bbox 205 3852 1352 3931; baseline -0.009 -20"><span class='ocrx_word' id='word_1_241' title='bbox 205 3879 229 3931; x_wconf 87' lang='lat' dir='ltr'><strong>p.</strong></span> <span class='ocrx_word' id='word_1_242' title='bbox 255 3861 298 3912; x_wconf 80' lang='lat'><strong>22.</strong></span> <span class='ocrx_word' id='word_1_243' title='bbox 323 3862 353 3911; x_wconf 80' lang='lat' dir='ltr'><strong>et</strong></span> <span class='ocrx_word' id='word_1_244' title='bbox 373 3874 436 3912; x_wconf 88' lang='lat' dir='ltr'><strong>ann.</strong></span> <span class='ocrx_word' id='word_1_245' title='bbox 461 3862 503 3926; x_wconf 79' lang='lat'><strong>64,</strong></span> <span class='ocrx_word' id='word_1_246' title='bbox 532 3861 580 3914; x_wconf 89' lang='lat' dir='ltr'><strong>ubi</strong></span> <span class='ocrx_word' id='word_1_247' title='bbox 608 3862 683 3913; x_wconf 83' lang='lat' dir='ltr'><strong>reete</strong></span> <span class='ocrx_word' id='word_1_248' title='bbox 712 3858 830 3912; x_wconf 74' lang='lat' dir='ltr'><strong>fortasse</strong></span> <span class='ocrx_word' id='word_1_249' title='bbox 853 3857 1042 3913; x_wconf 85' lang='lat' dir='ltr'><strong>Alexandrum</strong></span> <span class='ocrx_word' id='word_1_250' title='bbox 1071 3861 1170 3914; x_wconf 78' lang='lat' dir='ltr'><strong>citasse</strong></span> <span class='ocrx_word' id='word_1_251' title='bbox 1195 3852 1352 3913; x_wconf 84' lang='lat' dir='ltr'><strong>Armenidam</strong></span> 
     </span>
     <span class='ocr_line' id='line_1_34' title="bbox 204 3939 1349 4016; baseline -0.003 -14"><span class='ocrx_word' id='word_1_252' title='bbox 204 3946 332 4016; x_wconf 78' lang='lat' dir='ltr'><strong>opinatus</strong></span> <span class='ocrx_word' id='word_1_253' title='bbox 349 3944 402 4014; x_wconf 79' lang='lat' dir='ltr'><strong>esi]</strong></span> <span class='ocrx_word' id='word_1_254' title='bbox 421 3944 457 3999; x_wconf 81' lang='lat' dir='ltr'><strong>ad</strong></span> <span class='ocrx_word' id='word_1_255' title='bbox 471 3946 588 4000; x_wconf 73' lang='lat' dir='ltr'><strong>similem</strong></span> <span class='ocrx_word' id='word_1_256' title='bbox 601 3945 738 4016; x_wconf 84' lang='lat' dir='ltr'><strong>quendam</strong></span> <span class='ocrx_word' id='word_1_257' title='bbox 751 3944 905 4000; x_wconf 78' lang='lat' dir='ltr'><strong>Alexandri</strong></span> <span class='ocrx_word' id='word_1_258' title='bbox 922 3944 1032 4011; x_wconf 88' lang='lat' dir='ltr'><strong>librum,</strong></span> <span class='ocrx_word' id='word_1_259' title='bbox 1051 3939 1349 4008; x_wconf 67' lang='lat' dir='ltr'><strong>commentariumiilluffl</strong></span> 
     </span>
     <span class='ocr_line' id='line_1_35' title="bbox 206 4017 1350 4104; baseline -0.01 -13"><span class='ocrx_word' id='word_1_260' title='bbox 206 4037 241 4091; x_wconf 88' lang='lat' dir='ltr'><strong>de</strong></span> <span class='ocrx_word' id='word_1_261' title='bbox 259 4032 400 4088; x_wconf 80' lang='lat' dir='ltr'><strong>Alemanis</strong></span> <span class='ocrx_word' id='word_1_262' title='bbox 417 4033 610 4101; x_wconf 73' lang='lat' dir='ltr'><strong>geographicis</strong></span> <span class='ocrx_word' id='word_1_263' title='bbox 628 4029 825 4099; x_wconf 76' lang='lat' dir='ltr'><strong>conscriptum,</strong></span> <span class='ocrx_word' id='word_1_264' title='bbox 850 4031 924 4086; x_wconf 89' lang='lat' dir='ltr'><strong>unde</strong></span> <span class='ocrx_word' id='word_1_265' title='bbox 940 4034 1077 4102; x_wconf 78' lang='grc' dir='ltr'><strong><em>Κορίννης</em></strong></span> <span class='ocrx_word' id='word_1_266' title='bbox 1094 4027 1276 4104; x_wconf 74' lang='grc' dir='ltr'><strong><em>ὑπομνήματα</em></strong></span> <span class='ocrx_word' id='word_1_267' title='bbox 1291 4017 1350 4080; x_wconf 76' lang='lat' dir='ltr'><strong>haud</strong></span> 
     </span>
     <span class='ocr_line' id='line_1_36' title="bbox 204 4117 495 4188; baseline -0.024 -13"><span class='ocrx_word' id='word_1_268' title='bbox 204 4123 299 4188; x_wconf 81' lang='lat' dir='ltr'><strong>inepte</strong></span> <span class='ocrx_word' id='word_1_269' title='bbox 316 4117 495 4186; x_wconf 69' lang='lat' dir='ltr'><strong>explicantur.</strong></span> 
     </span>
    </p>
   </div>
   <div class='ocr_carea' id='block_1_11' title="bbox 0 0 1382 4714">
    <p class='ocr_par' dir='ltr' id='par_1_11' title="bbox 0 0 1382 4714">
     <span class='ocr_line' id='line_1_37' title="bbox 0 0 1382 4714; baseline 0 0"><span class='ocrx_word' id='word_1_270' title='bbox 0 0 1382 4714; x_wconf 95' lang='lat' dir='ltr'><strong> </strong></span> 
     </span>
    </p>
   </div>
  </div>
 </body>
</html>
