2748 4714
576 259 614 322 17

100 441 294 524 Βλέμυις,
316 438 416 521 ἔθνος
438 493 506 510 ....
529 441 585 508 καί
602 443 730 526 Βλέμυς
745 441 836 527 [τούς
857 437 1081 530 καταρράκτας
1097 441 1179 530 φασί

17 538 88 617 τούς
117 540 192 625 περὶ
220 541 349 631 Συήνην.
395 549 473 631 ,τῆς
505 542 611 631 πάρος
642 541 811 610 αἰθαλέιον
838 542 996 626 Βλεμύων
1029 538 1177 627 ἀνέχουσι

17 641 193 727 κολίναι“].
235 646 331 712 Recte
352 669 402 712 me
423 649 597 714 restituisse
619 648 711 713 docet
731 649 917 712 Eustathins
939 649 979 713 ad
998 649 1089 713 Dion.
1106 651 1178 715 220.

95 760 124 826 S.
146 784 173 828 v.
196 760 373 848 Βρεττία
395 767 543 833 omissum
566 772 628 831 est:
652 761 837 849 Βροττανοί.
876 761 975 844 ἔθνος
996 760 1068 831 άπὸ
1095 767 1179 832 Κελ-

14 865 85 938 τούς
104 867 162 950 τῆς
184 863 367 950 Βριττάνου
395 861 567 952 θυγατρός.
612 867 725 932 Cetera
746 868 954 953 Etymologici
983 869 1080 934 verba
1105 889 1180 951 pro·

13 965 90 1028 xime
111 966 267 1034 accedunt
288 969 329 1034 ad
352 970 560 1053 Stephanum.

92 1083 118 1148 E
146 1086 271 1153 duabus
307 1087 420 1152 deinde
451 1087 605 1171 Stephani
635 1086 778 1165 vocibus,
815 1108 896 1170 quae
932 1088 1057 1170 quidem
1094 1109 1178 1154 nunc

11 1181 168 1267 leguntur,
204 1184 364 1268 Βύζαντος
396 1196 428 1255 et
461 1185 640 1268 Βυζάντιον
675 1209 770 1253 unam
801 1187 950 1254 conflavit
970 1188 1020 1253 Et.
1052 1190 1107 1267 ita,
1143 1196 1179 1255 ut

8 1290 244 1366 grammaticam
277 1293 362 1356 vocis
395 1297 517 1373 partem
550 1291 599 1355 v'el
632 1290 767 1354 maxima
798 1296 930 1372 urgeret.
980 1292 1042 1355 Res
1072 1299 1177 1356 autem

8 1387 52 1452 ita
77 1399 265 1473 eomparata
292 1398 357 1471 est,
390 1398 426 1457 ut
448 1393 475 1456 V
497 1399 571 1476 post
591 1393 687 1456 verba
715 1395 774 1476 τῆς
795 1388 929 1477 Λιβύης
955 1393 1178 1474 grammaticas

7 1489 123 1555 inserat
144 1494 391 1576 explicationes,
425 1494 538 1559 deinde
571 1499 644 1577 post
666 1485 773 1578 Βύζης
805 1488 932 1579 ἡγεμών
966 1494 1031 1559 fere
1068 1494 1177 1558 eadem

7 1592 108 1672 paullo
130 1599 242 1660 tamen
264 1595 409 1661 breviora
429 1617 467 1660 ae
488 1594 568 1660 bene
592 1616 664 1659 cum
678 1595 830 1676 Stephani
846 1615 922 1660 voce
937 1596 1038 1661 altera
1054 1598 1092 1679 (a
1107 1595 1176 1681 fin.)

7 1697 232 1763 eonsentientia
260 1698 482 1763 intermisceat.
519 1696 630 1778 Itaque
659 1697 744 1762 hune
768 1697 833 1762 fere
862 1697 896 1761 in
919 1696 1046 1762 modum
1069 1699 1176 1763 ethni-

7 1797 197 1880 aographnm
219 1798 448 1864 restituendum
472 1819 538 1864 esse
560 1797 673 1862 velim:

84 1894 270 1979 Βυζάντιον
384 1921 414 1983 p.
433 1899 503 1977 190,
525 1901 546 1964 4
566 1900 676 1964 Mein:
697 1895 735 1962 τὸ
758 1895 892 1962 ἐθνικὸν
912 1903 971 1964 τοῦ
994 1900 1100 1981 Βύζας
1121 1901 1176 1968 διὰ

7 1988 98 2078 τοῦῖ,
121 1999 161 2068 τό
186 2000 226 2068 δὲ
247 1999 398 2088 κτητικὸν
420 1999 475 2066 διὰ
497 2005 569 2089 [τῆς
589 1989 633 2083 ἶι]
657 1995 841 2084 διφθόγγου
862 1993 921 2081 [ὡς
943 2007 1002 2064 τοῦ
1011 1997 1176 2086 ’Ἀβαντος

7 2101 201 2188 ἅβάντειος]
232 2101 270 2168 τό
298 2103 335 2168 δὲ
356 2099 534 2184 Βυζάντιος
559 2097 693 2168 ἐθνικὸν
714 2098 869 2183 τριγονίς·
893 2099 1034 2186 [λέγεται
1056 2103 1091 2169 δὲ
1120 2104 1177 2171 καί

7 2195 14 2284 i
30 2203 215 2284 Βυζάντιος
238 2208 386 2290 κοινῶς]
409 2203 447 2270 τό
470 2204 507 2271 δὲ
527 2201 677 2289 κτητικὸν
694 2204 767 2285 [τοῦ
784 2197 939 2286 πολίτου]
956 2204 1176 2284 Βυζαντιακός

7 2301 51 2384 1οἱς
68 2301 201 2386 Ῥόδιος
220 2303 411 2391 Ῥοδιακός]
454 2305 581 2390 λέγεται
602 2301 658 2368 καί
756 2301 914 2381 Βυζαντὶς
942 2299 1028 2386 [άπὸ
1049 2313 1175 2394 γενικῆς

8 2411 50 2470 τοῦ
71 2405 249 2490 Βύζαντος
270 2404 315 2486 ὣς
336 2402 495 2486 Λύσονίς.
540 2408 668 2491 λέγεται
689 2403 726 2469 δὲ
747 2402 803 2468 καί
824 2398 896 2469 άπὸ
917 2410 976 2469 τοῦ
998 2405 1176 2488 Βυζάντιος

9 2513 129 2576 θνικοῦ
159 2508 343 2590 Βυζαντίς,
377 2505 424 2588 ὡς
455 2504 526 2576 άπὸ
553 2513 610 2574 τοῦ
637 2505 789 2589 Λέσβιος
817 2502 974 2590 Λισβίς]
1019 2507 1091 2576 ἔστι
1118 2509 1175 2576 καί

12 2607 132 2698 ...[ἡ]
157 2608 342 2692 Βυζάντεια
364 2610 418 2678 διὰ
440 2615 511 2700 [τῆς
531 2599 576 2694 οἳ]
593 2605 786 2696 όιφθόγγου,
809 2605 1119 2691 [προπαροξυτόνως
1137 2611 1175 2679 δὲ

8 2705 34 2788 ig
56 2711 95 2778 τό
117 2713 286 2793 Θέσπεια,
308 2716 448 2798 Ζέλεια]
491 2709 561 2778 άπὸ
678 2705 854 2788 Βυζάντιος
876 2708 1025 2792 [ίθνικοῦ
1046 2713 1174 2797 λέγεται

8 2815 161 2902 pavana]
203 2812 368 2896 Βυζαντία
398 2814 473 2899 [ἐπὶ
498 2819 555 2900 τῆς
582 2810 731 2899 γυναικός
760 2808 816 2875 καί
848 2815 906 2896 τῆς
935 2810 1072 2892 πόλεως.
1118 2815 1173 2880 καί

8 2911 31 2994 ις
53 2913 127 2984 άπὸ
151 2923 218 3004 τῆς
239 2913 421 3004 Σηλυβρίας
445 2911 670 3002 Σηλυβριανός,
693 2908 795 2990 οὕτως
815 2907 885 2977 άπὸ
905 2918 964 3000 τῆς
978 2913 1172 3001 Βυζαντίας]

9 3016 223 3100 λυζαντιανός
254 3011 288 3104 [ἢ
312 3012 385 3085 άπὸ
410 3023 470 3084 τού
494 3014 673 3098 Βυζάντεια
699 3011 752 3098 τὸ]
777 3013 1010 3093 Βυζαντειανός
1043 3015 1099 3082 διὰ
1125 3019 1174 3084 δι-

9 3121 144 3206 ιθόγγου
170 3118 220 3199 ὥς
243 3115 445 3206 [Ἡράκλεια]
463 3113 708 3205 Ἡρακλειανός.
730 3155 769 3163 -

72 3255 261 3344 Βύβλος,
290 3253 388 3335 πόλις
412 3252 566 3342 Φοινίκης
682 3249 716 3318 ἐν
737 3256 807 3330 τοῖς
828 3248 931 3316 ἕλεσι·
953 3247 1118 3336 [Ἡσίοδος
1140 3253 1173 3321 ἒν

9 3359 141 3427 ίσπίδι·
169 3355 327 3442 ,Βύβλον
347 3353 376 3422 τ’
391 3353 543 3443 ἀγχίαλον
566 3353 621 3420 καί
635 3348 751 3419 Σιόῶν’
773 3346 1039 3440 ἇνθιμόεσσανίί]
1062 3357 1173 3423 Cetera

9 3487 26 3532 a
49 3466 123 3531 iere
154 3469 197 3528 ut
226 3463 260 3526 in
283 3461 445 3545 Stephano
467 3459 616 3544 leguntur
641 3457 675 3521 in
698 3456 732 3521 E.
756 3455 796 3519 Μ.
836 3456 875 3521 ef.
899 3455 1021 3522 Berkel.
1043 3479 1067 3522 s.
1090 3459 1122 3523 h.
1146 3482 1174 3525 v.

9 3567 193 3644 [einekiue‚
223 3563 279 3646 qui
300 3562 509 3647 Etymologiei
538 3562 642 3626 locum
671 3558 774 3636 novit,
806 3578 863 3621 cur
884 3557 957 3621 inde
979 3558 1173 3643 Stephanum

10 3672 161 3735 :stituere
186 3664 338 3743 noluerit,
362 3686 426 3730 non
448 3664 555 3746 liquet.

66 3799 282 3884 Γάδειρα,
309 3794 409 3877 πόλις
430 3822 459 3864 κ.
482 3823 507 3862 ν.
600 3790 782 3882 περιμήκης
803 3789 846 3872 ὡς
868 3783 952 3858 ούσα
974 3793 1083 3860 ταινία
1105 3797 1175 3882 (καί

10 3909 104 3992 sero)
130 3897 229 3988 [άπὸ
255 3904 314 3966 τοῦ
341 3905 380 3987 γι]
402 3895 458 3964 καὶ
479 3903 538 3963 τοῦ
559 3896 649 3983 δειραὶ
680 3892 795 3980 οἷονεί]
823 3899 881 3982 τῆς
907 3899 964 3982 γῆς
986 3894 1092 3982 όιιρά·
1117 3896 1173 3982 [τά

10 4035 34 4096 ’ρ
58 4003 219 4094 γάόειρα
238 4005 296 4088 τῆς
316 4006 373 4088 γῆς
394 3995 486 4087 ἐξοχή
508 3997 620 4083 ἐστιν]
663 3989 684 4085 ἢ
706 3993 751 4076 ιός
765 4020 847 4086 φησι
865 3993 1029 4074 Κλαύδιος
1043 3993 1176 4078 Ἰούλιος

26 4115 113 4188 ταῖς
142 4099 310 4189 Φοινίκης
332 4097 508 4186 ίστορίαις,
530 4098 583 4168 ότι
599 4094 772 4185 Ἀρχαλσύς
793 4093 863 4177 υίὸς
888 4093 1041 4178 Φοίνικος
1062 4099 1176 4179 κτίσας

11 4239 29 4280 ν
73 4207 197 4277 πόλιν
235 4199 385 4288 υίνόμιισε
419 4209 460 4292 τῇ
489 4200 650 4269 Φοινίκων
680 4205 787 4289 γραφῇ
799 4202 844 4287 (i)
876 4205 905 4265 Γ
903 4194 1032 4286 άόειρον
1069 4204 1174 4286 [codd.

925 4323 942 4376 2
