2748 4714
764 225 807 290 28

201 410 359 474 invenitur
380 410 465 494 apud
488 409 781 495 ethnicographum,
803 414 950 488 Λατῶος
972 409 1027 492 [cf.
1050 407 1129 473 Mill.
1151 405 1225 471 Mel.
1243 405 1365 488 pace]

202 531 297 593 quam
319 532 425 578 vocam
449 533 513 578 non
535 512 596 596 ipsi
618 512 864 596 Philostephano
886 512 941 578 sad
963 511 1027 576 Oro
1049 507 1258 576 intercedenti
1281 506 1366 571 debe

201 612 238 676 E.
261 612 325 692 M,
359 610 493 701 Σινώπη
515 614 566 696 [Ε.
589 614 631 678 M.
659 615 706 680 ed.
738 615 831 680 Sturz
852 637 882 698 p.
907 614 993 696 667],
1024 612 1078 678 nbi
1106 610 1206 678 schol.
1231 612 1291 693 Ap.
1314 609 1366 672 Rh

201 712 242 792 II,
265 716 328 780 946
349 716 477 800 plenum
500 719 694 800 exscriptum
715 721 772 795 est,
794 717 931 800 denique
952 710 1107 801 Σφήκιια.

286 816 457 885 Menander
478 819 600 897 deinde,
625 819 811 904 Cypriorum
833 839 938 884 rarum
960 818 1107 901 scriptor,
1130 815 1229 881 semel
1249 821 1366 881 tantum

201 916 243 980 ab
266 917 317 983 Et.
340 928 559 1004 nuncupat-m,
591 921 868 1004 Stephanonotns
890 940 1044 985 essenon
1064 918 1199 983 videtur.
1245 916 1366 980 Atium

202 1039 227 1082 s.
248 1041 277 1083 v.
298 1016 431 1104 Χύτροι,
454 1023 509 1089 nbi
530 1025 624 1088 etiam
645 1023 833 1104 Xenagoras
854 1021 892 1087 fit
913 1022 1046 1100 mentio,
1069 1040 1133 1085 non
1148 1009 1366 1100 Ἀλέξανδρος

202 1121 291 1185 cuius
313 1122 352 1187 da
375 1121 457 1189 libro
478 1123 607 1191 aliunde
623 1124 704 1190 nihil
719 1129 852 1202 constat,
876 1123 932 1188 sed
946 1121 1140 1205 Μένανδρος
1152 1142 1227 1186 cnm
1240 1119 1366 1184 Miillart

192 1222 401 1288 scribendum
422 1246 490 1292 esse
512 1232 599 1310 puto.

286 1325 470 1409 Xenagoras
492 1327 627 1410 denique
647 1328 727 1393 alias
748 1348 813 1392 non
833 1327 992 1393 invenitur
1013 1326 1099 1412 apud
1115 1325 1176 1402 Et,
1199 1323 1320 1408 pluries
1338 1323 1366 1386 iu

201 1425 355 1510 Stephani
376 1427 469 1494 libro.
1165 1445 1168 1452 '

674 1632 879 1646 ma...-

286 1924 352 1988 Iam
381 1925 490 2008 paucis
518 1946 600 2008 quae
625 1925 809 2009 collegimus
838 1923 1086 1990 demonstratum
1113 1923 1252 1990 fortasse
1272 1931 1322 1990 est
1340 1931 1367 1988 ct

201 2033 279 2108 quot
311 2025 463 2108 Stephani
493 2027 626 2091 laurinus
655 2027 774 2112 expleri
806 2026 928 2111 possint
963 2032 994 2092 et
1029 2032 1183 2108 quantum
1221 2026 1297 2092 inde
1332 2025 1367 2090 ud

200 2128 359 2193 variorum
388 2128 575 2210 scriptorum
603 2129 785 2193 testimonia
812 2127 976 2193 redundet.
1022 2128 1135 2193 dilatis
1164 2128 1264 2213 igitur
1293 2148 1367 2210 quaa

201 2231 278 2296 satis
301 2231 399 2314 plana
420 2230 608 2295 videbantur
630 2251 696 2296 osse
717 2231 779 2294 iam
802 2231 844 2294 ad
867 2251 921 2295 eas
941 2251 1033 2296 voces
1054 2230 1208 2309 transibo,
1231 2229 1288 2296 ubi
1310 2251 1365 2294 non

201 2333 307 2397 omnia
328 2337 404 2396 sunt
424 2331 457 2395 in
480 2331 648 2398 manifesto
670 2353 708 2397 ac
729 2331 873 2415 pluribus
894 2333 1087 2416 argumentis
1110 2333 1170 2398 erit
1191 2353 1281 2416 opus.

285 2434 331 2500 Ac
363 2435 499 2518 primum
532 2423 657 2516 quidem
691 2455 795 2518 pauca
826 2433 956 2520 afferam
990 2434 1029 2499 de
1062 2436 1106 2500 eis
1132 2434 1263 2500 vocibus
1291 2456 1363 2518 qnae

200 2557 270 2600 cum
300 2537 334 2600 iu
363 2535 524 2620 Stephano
558 2557 687 2618 prorsus
715 2536 934 2601 interciderint
962 2559 1001 2602 ex
1030 2535 1134 2621 Etym.
1166 2537 1208 2601 M.
1237 2537 1362 2603 fortasse

199 2643 332 2722 possunt
363 2638 494 2702 restitui.
550 2636 667 2700 Multas
697 2658 773 2702 sane
811 2638 1027 2721 epitomatoris
1059 2659 1184 2702 manum
1223 2645 1359 2722 expertas

200 2761 268 2805 essa
289 2759 380 2803 nemo
402 2758 465 2819 non
488 2738 573 2803 videt
593 2759 695 2820 neque
718 2738 845 2804 omnino
868 2760 943 2804 curo
965 2760 1057 2805 voces
1073 2735 1232 2822 Ἀλβανοί
1254 2739 1368 2822 (crau

200 2842 235 2906 A.
250 2841 284 2908 P.
307 2862 337 2924 p.
355 2834 441 2925 106),
455 2835 555 2916 Ἅλυς
577 2839 627 2922 (Ε.
643 2839 685 2904 Μ.
702 2841 751 2919 72,
776 2843 821 2925 5),
843 2835 1003 2927 Ἰορδάνης
1020 2840 1074 2924 (cf.
1096 2841 1132 2905 Ε.
1149 2840 1191 2905 Μ.
1206 2842 1280 2918 473,
1306 2842 1356 2922 19),

199 2939 326 3020 Καίϊκος
341 2943 390 3025 (E.
406 2941 446 3005 M.
464 2942 536 3020 497,
559 2943 626 3025 49),
653 2937 774 3006 Κελτοί
789 2944 875 3026 (502,
891 2943 957 3027 45),
981 2943 1184 3027 Κιμμέριους
1200 2945 1286 3027 (513,
1301 2943 1355 3023 44),

199 3041 338 3128 Σάγαρις
360 3043 447 3129 (707,
473 3044 537 3128 18),
560 3038 738 3120 Ναύαιθος
760 3043 847 3129 (598,
871 3045 936 3128 38),
958 3039 1175 3131 Παλαιστίνη,
1199 3039 1355 3109 Πολυκτό-

198 3169 268 3232 otor
291 3147 377 3231 (681,
400 3144 472 3226 44),
505 3140 663 3229 Πύραμος
685 3145 773 3228 (697,
797 3145 849 3210 25.
882 3145 922 3209 cf.
946 3145 1023 3209 Mill.
1046 3167 1077 3228 p.
1100 3145 1193 3229 258),
1228 3146 1281 3212 ubi
1309 3165 1354 3230 pro

199 3254 286 3313 certo
307 3247 434 3330 quidem
456 3247 536 3312 nihil
557 3253 662 3331 potest
684 3245 856 3324 adfirmari,
880 3247 933 3313 sed
949 3247 1016 3312 fore
1031 3256 1068 3312 ut
1082 3248 1200 3312 amissa
1213 3255 1353 3332 quantum

198 3350 267 3414 fieri
289 3354 402 3432 potest,
425 3369 644 3430 recuperemus
665 3348 698 3412 hi
720 3347 899 3432 Etymologi
922 3349 982 3413 loci
1005 3370 1092 3433 spem
1115 3349 1193 3413 mihi
1214 3349 1352 3416 afferunt:

278 3443 560 3534 Ἀμιστρατός,
583 3445 681 3525 πόλις
702 3443 861 3525 Σικελίας.
901 3442 1163 3534 Ἀμιοτρατῖνος

283 3569 500 3654 suppeditavit
520 3589 627 3633 vocem
650 3569 740 3632 nobis
763 3568 813 3632 Va
833 3589 864 3651 p.
888 3569 938 3648 75,
955 3569 975 3631 9
996 3569 1051 3634 ubi
1072 3574 1121 3634 tot
1142 3570 1271 3634 nomina
1290 3589 1350 3652 gan·

198 3675 276 3738 tium
299 3678 331 3737 et
352 3679 507 3738 terrarum
529 3691 600 3734 cum
623 3669 784 3752 Stephano
815 3674 925 3734 nostro
952 3670 993 3735 ad
1016 3671 1143 3736 verbum
1168 3670 1350 3738 concinentia

197 3776 415 3850 inveniuntur,
448 3776 484 3837 ut
509 3773 602 3836 etiam
635 3791 686 3848 ea,
719 3791 800 3854 quaa
833 3771 1101 3854 ethnicographus
1131 3793 1197 3838 non
1227 3773 1348 3846 exhibet,

197 3878 272 3942 inde
293 3875 456 3940 restituere
477 3874 585 3938 ausim.
629 3873 748 3937 Eadem
771 3872 867 3956 igitur
888 3893 938 3937 res
960 3878 1009 3938 est
1030 3874 1078 3937 in:

278 3971 548 4059 Ἀναργοροῦς.
595 3995 626 4057 p.
649 3975 700 4054 96,
723 3975 775 4054 24,
797 3974 870 4040 Va.r
888 3973 989 4061 δῆμος
1013 3967 1222 4062 Ἐρτχθηίδος
1252 3973 1348 4062 φυλῆς,

198 4075 216 4145 ὁ
239 4070 383 4164 δημότης
411 4070 725 4158 Ἀναργοροοντόθεν
754 4070 878 4156 ὁμοίιος
903 4076 950 4159 τῷ
979 4076 1062 4157 (cod.
1084 4080 1157 4162 τοῦ)
1186 4073 1221 4144 ἐκ
1247 4073 1345 4150 τόποι,

198 4175 242 4258 ὡς
257 4173 475 4263 Σταγειρόθτν
495 4172 513 4243 ὁ
535 4173 605 4244 α’πό
621 4173 813 4266 Σταγείρων,
835 4172 938 4243 deind
951 4170 1102 4265 Ἄσκρης,
1126 4174 1144 4243 ὁ
1167 4172 1233 4243 ἀπὸ
1251 4174 1344 4258 'Arm
